2826 4748
112 282 117 291 ·
199 261 260 325 186
652 276 700 322 nn
723 274 872 324 osarcrrs

163 419 283 497 aquasi
306 414 415 495 aliquid
439 425 518 475 esset
541 413 666 484 oblitus,
696 414 809 475 Romae
835 414 1150 511 remtn,⁸i§s„e.3‚.fedilu
1180 417 1260 475 enim
1283 415 1314 476 in

198 509 294 562 castra
313 499 472 560 liberatum
493 519 526 560 se
547 516 611 559 esse
627 498 818 559 iureiurando
839 496 1102 576 interpretabatur.
1133 498 1198 559 Nou
1214 505 1313 561 recte:

167 599 185 646 4
203 587 285 645 lraus
303 585 382 644 enim
398 583 563 660 adstringit,
586 600 645 643 non
662 583 794 644 dissolvit
808 584 986 662 periurium.
1024 582 1093 645 Fuit
1108 585 1201 661 igitur
1223 582 1313 645 stulta

201 667 355 736 calliditas,
379 684 519 743 perverse
542 669 656 727 imitata
671 667 885 745 prudentium.
931 668 1034 743 ltaque
1068 667 1199 728 decrevit
1226 686 1313 729 sena·

198 763 256 820 tus,
279 760 312 812 ut
334 750 383 811 ille
398 758 546 812 veterator
562 759 591 811 et
606 751 729 812 callidus
744 753 860 812 vinctus
874 751 909 811 ad
926 750 1124 812 Hannibalem
1140 750 1312 812 duceretur.

166 850 181 898 5
203 832 273 895 114.
296 831 356 896 Sed
379 833 452 894 illud
470 838 646 895 maximum:
670 844 737 895 octo
753 834 905 896 bominum
921 835 1002 896 milia
1018 834 1140 895 tenebat
1155 834 1312 904 Hannibal,

198 939 256 980 non
280 936 356 996 quos
372 921 402 979 in
426 922 489 979 acie
504 921 640 996 cepisset,
664 928 716 979 aut
731 921 782 998 qni
803 918 968 998 periculum
991 921 1097 980 mortis
1119 919 1312 996 delegissent,

197 1004 248 1064 sed
272 1006 324 1081 qui
344 1003 442 1064 relicti
462 1004 613 1064 incastris
634 1005 762 1064 luissent
785 1021 801 1062 a
823 1001 915 1063 Paulo
938 1010 968 1063 et
989 1021 1004 1062 a
1029 1003 1159 1064 Varrone
1182 1003 1313 1064 consuli·

164 1102 179 1150 6
199 1088 264 1149 bns.
294 1089 354 1149 Eos
369 1096 489 1148 senatus
505 1106 563 1148 uon
580 1089 695 1148 censuit
710 1086 914 1155 redimendos,
938 1105 1004 1148 oum
1019 1087 1048 1147 id
1072 1105 1161 1165 parva
1184 1089 1312 1167 pecunia

197 1173 262 1233 tueri
284 1180 398 1251 posset:
433 1179 465 1231 ut
493 1180 569 1233 esset
591 1175 714 1233 insitum
737 1170 882 1232 militibus
903 1172 1013 1231 nostris
1034 1179 1085 1232 aut
1108 1175 1237 1241 vincere,
1261 1181 1313 1232 aut

163 1260 305 1320 reneri.
351 1257 414 1327 Quo
449 1256 568 1335 quidem
603 1275 636 1316 re
669 1256 783 1326 audita,
817 1258 945 1317 tractum
978 1257 1108 1317 animum
1138 1255 1312 1318 Hannibalis

197 1343 321 1418 scripsit
342 1343 431 1408 idern,
455 1340 533 1420 quod
555 1348 677 1403 senatus
698 1340 886 1418 populusque
908 1339 1059 1400 Romanus
1080 1341 1173 1401 rebus
1195 1339 1312 1401 afflictis

162 1439 178 1487 8
197 1434 256 1484 tam
276 1424 398 1485 'excelso
416 1427 513 1485 animo
529 1425 641 1485 luisset.
672 1425 721 1486 Sic
743 1424 909 1486 honestatis
931 1425 1153 1503 comparatione
1167 1442 1211 1490 ea,
1236 1442 1311 1501 quae

165 1507 336 1570 evidentur
370 1509 463 1576 utilia,
498 1512 667 1570 vincuntur.
725 1505 795 1571 115.
828 1508 940 1569 Acilius
973 1515 1085 1579 autem,
1122 1509 1172 1584 qui
1198 1509 1311 1569 Graece

196 1594 321 1671 scripsit
346 1594 516 1662 historiam,
546 1594 649 1671 plures
677 1596 719 1654 ait
740 1595 847 1660 luisse,
872 1595 924 1671 qui
946 1593 978 1652 in
1000 1600 1096 1653 castra
1118 1596 1312 1653 revertissent

196 1677 301 1737 eadem
324 1676 437 1747 fraude,
462 1685 495 1738 ut
516 1677 709 1738 iureiurando
729 1677 938 1745 liberarentur,
962 1693 1075 1753 eosque
1096 1695 1112 1736 a
1135 1675 1311 1738 censoribus

197 1877 258 1929 eine
270 1876 318 1928 der
338 1875 461 1942 wenigen
471 1876 588 1943 Stellen,
599 1894 641 1928 wo
652 1876 700 1929 das
709 1876 863 1946 Plueqmpf.
873 1875 919 1928 bei
928 1879 1070 1943 postquam
1081 1874 1165 1936 steht,
1175 1891 1197 1926 a.
1209 1874 1312 1943 Zumpt

262 2017 287 2064 3.
307 2012 411 2063 Redito
430 2012 460 2062 in.
479 2019 589 2074 castren
605 2011 649 2063 bei
666 2011 777 2065 solebeu
789 2009 1082 2063 Verbalsubatantiven
1095 2008 1132 2061 iat
1142 2007 1186 2061 die
1198 2009 1312 2075 Angube

194 2077 243 2131 der
267 2077 487 2146 0rtsbeziebuug
510 2077 595 2130 durch
618 2079 707 2132 blorre
729 2078 906 2147 Pripoeitiou
934 2079 1006 2129 ohne
1029 2076 1210 2145 Participium
1237 2092 1310 2143 ganz

195 2145 298 2213 fiblich,
318 2163 342 2198 z.
363 2147 396 2200 B.
416 2145 590 2199 transmissus
608 2164 641 2199 ex
653 2146 746 2200 Gellia
763 2147 792 2199 in
807 2145 991 2211 Britanniam,
1010 2144 1155 2212 despectus
1173 2144 1202 2195 iu
1221 2159 1309 2206 mare3
1344 2175 1347 2181 ·

193 2212 278 2265 selbot
298 2212 383 2265 durch
405 2212 495 2266 blasae
518 2213 725 2267 Cesusiormeu:
750 2213 916 2267 Alexandria
938 2211 1087 2274 discessum
1111 2211 1243 2264 Narbone
1266 2227 1309 2262 re-

193 2280 277 2341 ditus,
302 2297 327 2333 n.
352 2297 376 2332 a.
395 2314 427 2323 -
446 2283 615 2348 adstringit,
638 2298 695 2333 non
717 2283 860 2340 dissolvit,-
889 2280 951 2332 dass
975 2280 1060 2331 adstr.
1090 2279 1129 2330 als
1152 2281 1309 2345 Gegenaata

194 2354 228 2399 z'u
252 2348 315 2398 diss.
342 2347 434 2400 iablich
457 2366 531 2414 war,
554 2349 591 2400 ist
613 2347 834 2412 unzweifelbaft3
857 2348 981 2414 dagegen
1004 2347 1110 2398 kommt
1132 2347 1309 2410 dirumpere,

194 2415 311 2467 welches
329 2414 371 2466 die
388 2415 576 2466 achlechtereu
587 2414 706 2466 Hdscbr.
727 2414 786 2465 bier
799 2414 894 2477 baben,
914 2415 943 2465 in
956 2413 1064 2467 colaber
1076 2412 1241 2479 Bedeutung
1258 2428 1310 2479 gar

194 2482 270 2534 nicht
288 2482 344 2534 und
360 2482 404 2533 bei
418 2482 476 2534 Cic.
488 2481 642 2548 riberbeupt
659 2499 713 2533 nur
728 2480 776 2532 dar
786 2481 910 2549 Perticip
927 2480 1069 2533 districtus
1082 2496 1139 2532 vor.
1164 2479 1221 2531 Der
1232 2479 1311 2546 Trug

194 2548 259 2600 bebt
276 2548 327 2599 deu
341 2548 462 2600 Meineid
481 2547 557 2600 uicbt
575 2549 630 2610 auf,
650 2548 769 2601 eundern
783 2548 919 2614 beientigt,
937 2548 963 2600 d.
978 2550 1003 2600 b.
1019 2548 1155 2601 verstirkt
1167 2547 1215 2598 ihu
1229 2547 1308 2600 noch.

193 2616 226 2667 In
249 2615 389 2668 derselben
406 2614 575 2683 :Bedeutung
598 2616 717 2669 brauaht
740 2615 795 2667 Cic.
817 2615 866 2667 dae
891 2615 1008 2667 Verbum
1032 2632 1073 2684 pr.
1097 2615 1193 2667 Plane.
1217 2620 1259 2679 30,
1278 2618 1310 2666 ⁷4
1378 2636 1381 2642 ·

194 2682 277 2734 buius
304 2682 388 2734 officii
415 2684 572 2735 servitutem
606 2683 691 2747 (dicae
721 2683 820 2750 liatige
847 2682 1072 2750 Verpflicbtung)
1105 2682 1308 2749 adstringebam

192 2749 348 2804 testimonio
366 2751 538 2820 sempiterno.

260 2840 285 2887 4.
303 2843 442 2887 veterator
460 2835 504 2886 ein
522 2835 549 2886 in
562 2834 659 2887 Listen
680 2834 735 2887 und
747 2835 864 2887 Rdnheu
882 2840 1024 2901 ergrauter
1037 2834 1159 2887 Meuscb.
1178 2863 1211 2871 -
1229 2835 1307 2885 calli-

194 2905 247 2954 dus
270 2902 318 2955 der
339 2903 412 2954 aeine
430 2903 520 2955 Seche
541 2903 615 2955 wohl
636 2903 772 2967 versteht,
795 2902 897 2972 pfiffig.
916 2931 949 2940 -
971 2903 1025 2954 Sed
1047 2903 1121 2954 illud
1142 2901 1307 2961 maximum

192 2969 240 3021 des
254 2969 393 3052 Fulgende
411 2971 507 3036 gebrirt
517 2970 640 3022 insolern
655 2969 725 3021 noch
737 2970 838 3032 himer,
857 2971 898 3022 als
910 2970 959 3021 der
970 2971 1056 3022 Sonat
1068 2968 1126 3021 sich
1139 2967 1221 3021 dabei
1233 2967 1309 3019 mehr

193 3055 247 3091 ven
268 3038 468 3090 Gerstesstrirlre
486 3037 586 3099 (auimo
606 3037 711 3090 excelso
731 3041 755 3101 §.
775 3041 803 3102 8)
822 3037 862 3091 als
879 3054 941 3089 vom
958 3037 1068 3088 Nutzen
1087 3035 1171 3089 leiten
1191 3034 1262 3087 liese.
1274 3065 1308 3075 —

192 3123 250 3156 non
268 3123 336 3173 quoe
354 3107 471 3174 cepisset
488 3135 520 3143 -
538 3108 585 3156 sed
603 3106 652 3173 qui
669 3133 703 3142 —
721 3105 811 3156 relicti
816 3125 825 3165 ,-
842 3104 903 3156 ihre
920 3103 1024 3156 Schuld
1041 3121 1100 3155 war
1117 3102 1241 3156 dadurcb
1259 3118 1307 3169 ge·

192 3172 298 3238 ringer,
316 3171 377 3225 dass
396 3190 459 3225 man
477 3173 517 3224 aie
534 3172 592 3224 sich
608 3172 692 3224 selbst
704 3171 860 3224 riberlaasen
873 3172 951 3223 batte
964 3171 1036 3223 ohne
1049 3170 1118 3222 Plan
1133 3170 1189 3222 und
1202 3169 1308 3250 Beiehl.

191 3239 247 3290 Der
270 3239 439 3308 conjunctis
462 3240 501 3292 ab
524 3238 963 3306 Bescbaffenbeitabezeicbnungr
989 3239 1065 3291 nieht
1086 3238 1189 3303 aulcbe,
1212 3237 1256 3289 dre
1273 3265 1308 3276 -

191 3305 389 3371 aondern...;
416 3307 472 3373 vgl.
494 3324 519 3360 c.
542 3311 585 3360 33.
604 3311 629 3358 8.
649 3336 682 3344 -
720 3308 856 3359 erieulum
878 3336 912 3346 -
934 3309 1027 3424 defuss.
1065 3306 1142 3357 Aucb
1166 3305 1226 3357 hier
1244 3310 1306 3357 eut-

190 3373 314 3428 eebeidet
336 3374 384 3427 der
404 3373 651 3441 Sprachgebraucb
689 3390 721 3425 ur
747 3373 791 3425 die
812 3373 913 3429 Leaart
934 3373 980 3425 des
1022 3388 1079 3424 eru.
1107 3389 1129 3426 c.
1152 3387 1239 3439 gegen
1262 3371 1307 3423 die

191 3443 297 3495 andern
315 3442 443 3523 Ηᾶεοίπ.Ξ
461 3440 561 3492 welche
578 3442 702 3507 periculo
721 3443 821 3558 ὥρῳ.
841 3441 943 3502 hubam
962 3439 1090 3520 defugere
1108 3437 1210 3538 aliquid
1229 3438 1308 3491 einer

191 3511 281 3565 Secbe
303 3507 388 3562 durch
414 3507 459 3560 die
478 3507 581 3560 Flncbt
602 3524 651 3559 aus
673 3506 732 3559 dem
788 3507 1032 3576 egegeben,s1cb
1050 3506 1210 3570 eutzrehen‚
1230 3523 1254 3558 z.
1272 3506 1304 3559 B.

191 3594 339 3632 sermonem
360 3575 484 3636 alicuius,
503 3574 636 3644 proelium
656 3592 681 3626 n.
701 3592 724 3631 a,

258 3665 282 3713 6.
301 3678 357 3712 non
375 3661 483 3712 cenauit
500 3661 558 3711 red.
564 3680 574 3718 ,·
597 3677 653 3712 uun
672 3658 770 3726 gebdrt
786 3658 932 3725 eigentlich
951 3674 984 3709 zu
1002 3657 1187 3720 redimendos,
1206 3659 1261 3723 vgl.
1282 3658 1305 3721 Ι,

192 3747 216 3781 c.
236 3731 317 3790 11,5.
337 3756 370 3765 —
388 3728 504 3779 inritum
527 3727 570 3777 ott
583 3750 617 3770 =
633 3727 804 3793 angeboreu,
828 3725 887 3777 bier
909 3727 938 3778 iu
961 3725 1053 3778 aeiner
1074 3724 1305 3793 nrrprfiuglieben

192 3795 369 3860 Bedeutnng:
388 3794 450 3846 durs
467 3792 596 3850 esihuen
619 3793 808 3861 eingepflauzt
831 3793 989 3861 (gleichsam
1007 3792 1182 3862 eingeimptt)
1201 3791 1304 3844 wrirde.

190 3891 223 3901 -
242 3864 324 3913 rebus
343 3863 459 3927 afflictis
476 3860 548 3913 ohne
565 3864 606 3927 in,
626 3860 678 3913 wie
696 3879 720 3917 c.
738 3866 781 3928 20,
800 3866 841 3913 12.

258 3950 281 3998 9.
300 3946 407 3997 Acilius
430 3973 463 3983 -
486 3951 607 3997 notatos.
642 3944 685 3999 Da
708 3945 766 3997 Cic.
789 3943 849 3996 bier
873 3946 944 3997 ohne
962 3944 1132 4011 Andautnug
1154 3944 1230 3996 einer
1248 3942 1304 3993 Ab·

190 4013 363 4080 schweilung
381 4013 431 4064 aut
446 4011 490 4064 die
507 4011 603 4078 vorige
615 4012 777 4079 Erziblnng
795 4013 1013 4077 aurriclrlrommt‚
1030 4028 1060 4063 ao
1078 4012 1116 4064 iat
1133 4015 1157 4076 S.
1176 4014 1224 4062 114
1242 4014 1305 4060 eut-

191 4081 282 4132 'weder
299 4080 488 4132 Einachiebsel
511 4079 585 4131 eines
605 4080 797 4133 Absubreibera
821 4081 887 4133 oder
903 4078 1154 4143 Rundbemerlrung
1170 4076 1217 4128 des
1235 4075 1304 4127 Ver-

190 4148 289 4201 faasers
306 4148 396 4201 aelbat.
414 4176 448 4186 —
465 4148 573 4199 Acilius
578 4168 588 4207 ,·
605 4146 665 4199 Liv.
684 4147 772 4212 XXV,
789 4153 822 4201 39
840 4147 987 4213 Claudius,
1006 4146 1052 4215 qui
1070 4145 1181 4197 annales
1201 4143 1304 4196 Acilia-

191 4232 242 4269 ues
265 4233 297 4268 ex
319 4218 426 4269 Graeco
444 4215 473 4267 in
490 4213 620 4267 Latinum
639 4215 776 4268 convertit
793 4231 958 4280 sermonem
978 4230 1061 4266 waun
1079 4214 1143 4265 aber
1160 4210 1238 4263 beide
1256 4227 1305 4277 ge·
