2826 4748
209 296 251 360 52
657 309 704 354 uu
727 307 878 356 osricus

210 452 262 512 sit:
286 452 317 510 in
341 469 399 529 qua
420 447 667 516 verecundia,
692 455 721 508 et
736 449 821 527 quasi
837 447 956 526 quidam
979 454 1101 507 ornatus
1123 447 1213 516 vitae,
1237 454 1330 507 tem·

209 537 387 615 perantia
426 541 456 593 et
488 531 685 600 modestia,
727 534 885 611 omnisque
925 531 1036 592 sedatio
1068 529 1331 609 perturbationum

176 635 191 684 2
210 619 312 686 animi,
337 626 366 678 et
387 636 487 679 rerum
510 617 617 677 modus
639 617 784 677 cernitur.
818 615 881 676 Hoc
904 616 968 677 loeo
990 618 1162 676 continetur
1184 615 1224 686 id,
1249 615 1330 694 quod

209 703 267 764 diei
289 702 396 763 Latine
429 701 609 761 decorum
643 707 754 778 potest;
790 700 904 761 Graece
938 700 1016 760 enim
1049 695 1179 779 πρέπον
1206 699 1328 761 dicitur.

208 788 303 848 Huius
334 788 379 846 vis
412 804 445 846 ea
480 791 539 853 est,
573 792 607 846 ut
634 784 671 844 ah
693 784 818 844 honesto
842 803 901 844 non
925 791 1014 863 queat
1036 785 1183 862 separari;
1207 803 1276 845 nam
1300 793 1332 845 et

174 891 190 939 3
209 871 287 951 quod
306 870 398 939 decet,
412 869 569 930 honestum
586 875 645 936 est;
664 876 693 928 et
708 868 788 944 quod
804 869 962 928 honestum
975 875 1028 938 est,
1046 869 1143 929 decet.
1160 864 1211 929 94.
1228 869 1331 940 Qualis
1349 852 1398 916 rs

208 963 307 1016 autem
320 954 487 1015 differentia
501 956 539 1013 sit
552 952 669 1013 honesti
683 960 713 1012 et
725 952 837 1022 decori,
851 952 968 1013 facilius
978 950 1111 1032 intelligi,
1127 971 1215 1031 quam
1228 954 1330 1032 expia·

209 1040 277 1100 nari
299 1046 407 1117 potest.
439 1035 583 1116 Quicquid
597 1045 642 1098 est
657 1037 746 1105 enim,
764 1037 841 1116 quod
857 1036 970 1105 deceat,
987 1036 1016 1096 id
1033 1045 1096 1097 tum
1112 1045 1245 1115 apparet,
1262 1056 1332 1100 cum

175 1141 191 1189 4
210 1129 381 1200 antegressa
397 1128 441 1182 est
456 1122 607 1182 honestas.
632 1120 735 1198 ltaque
752 1139 811 1181 non
827 1119 923 1181 solum
939 1120 968 1180 in
984 1120 1039 1180 hac
1054 1129 1139 1199 parte
1156 1120 1331 1191 honestatis,

209 1210 246 1268 de
261 1226 318 1286 qua
334 1206 390 1266 hoc
407 1205 473 1266 loco
489 1204 696 1265 disserendum
713 1212 766 1274 est,
783 1205 836 1265 sed
852 1207 942 1266 etiam
957 1205 987 1264 iu
1000 1204 1098 1266 trihus
1108 1205 1328 1285 superioribus,

174 1310 190 1358 5
208 1291 278 1371 quid
294 1291 406 1360 deceat,
425 1296 556 1368 apparet.
573 1289 647 1349 Nam
660 1296 690 1350 et
700 1292 816 1350 ratione
831 1289 874 1349 uti
889 1298 978 1368 atque
994 1291 1139 1359 oratione,
1155 1290 1329 1368 prudenter,

209 1382 239 1435 et
259 1393 361 1453 agere,
396 1373 475 1452 quod
492 1391 570 1450 agas,
595 1373 789 1443 considerate,
819 1374 958 1453 omnique
981 1377 1012 1433 in
1036 1392 1077 1442 re,
1102 1374 1172 1453 quid
1195 1375 1234 1434 sit
1255 1377 1329 1445 veri,

208 1460 311 1520 videre
328 1467 358 1519 et
371 1459 449 1518 tueri
463 1457 562 1518 decet:
579 1466 743 1536 contraque
755 1456 826 1525 salli,
840 1476 955 1526 errare,
973 1457 1042 1528 labi,
1056 1457 1154 1538 decipi
1166 1466 1227 1519 tam
1239 1459 1330 1519 dede·

210 1550 266 1612 cet,
285 1559 372 1619 quam
389 1541 518 1603 delirare
541 1550 571 1602 et
592 1549 692 1602 mente
713 1559 778 1602 esse
800 1549 927 1618 captum.
953 1542 988 1602 ut
1008 1543 1084 1603 iusta
1105 1546 1205 1603 omnia
1222 1543 1331 1604 deeora

174 1645 190 1693 a
209 1636 293 1698 sunt;
307 1629 417 1688 iniusta
430 1634 544 1696 contra,
561 1633 594 1687 ut
609 1627 716 1704 turpia,
733 1627 775 1685 sic
791 1626 944 1686 indecora.
967 1624 1080 1686 Similis
1093 1635 1138 1685 est
1153 1629 1229 1687 ratio
1244 1629 1330 1688 lorti·

128 1742 129 1747 ι
210 1712 334 1779 tudinis:
359 1711 438 1790 quod
461 1712 540 1770 enim
563 1708 688 1771 viriliter
711 1712 870 1787 animoque
894 1727 1001 1787 magno
1017 1711 1059 1780 fit,
1076 1710 1107 1770 id
1123 1709 1246 1788 dignum
1261 1714 1328 1772 viro

210 1803 239 1856 et
261 1795 402 1855 decorum
429 1793 560 1861 videtur;
588 1792 667 1872 quod
694 1801 808 1863 contra,
836 1794 867 1854 id
889 1802 922 1854 ut
937 1804 1046 1874 turpe,
1075 1796 1118 1855 sio
1140 1794 1328 1856 indecorum.

176 1877 260 1947 795.
285 1878 383 1948 Ouare
415 1880 548 1957 pertinet
574 1878 694 1956 quidem
725 1877 761 1938 ad
790 1895 908 1938 omnem
936 1878 1124 1939 honestatem
1146 1878 1219 1948 hoc,
1250 1878 1329 1960 quod

209 1966 286 2031 dieo,
312 1962 467 2033 decorum,
491 1970 520 2022 ct
542 1965 583 2023 ita
606 1963 745 2043 pertinet,
769 1969 802 2023 ut
824 1980 885 2023 nou
899 1962 1053 2024 recondita
1070 1962 1197 2042 quadam
1213 1966 1329 2025 ratione

176 2066 192 2114 8
212 2054 361 2117 cernatur,
387 2047 438 2107 sed
461 2048 553 2108 sitin
576 2055 725 2126 promptu.
755 2047 809 2109 Est
832 2049 911 2108 euim
933 2047 1085 2128 quiddam,
1108 2048 1198 2125 idque
1219 2048 1329 2110 intelli·

210 2134 288 2209 gitur
316 2134 348 2191 iu
378 2132 457 2192 omni
480 2132 603 2200 virtute,
634 2132 713 2211 quod
736 2131 856 2192 deceat:
885 2132 963 2211 quod
993 2133 1171 2209 cogitatione
1195 2135 1329 2210 magisa

177 2218 320 2284 evirtute
354 2223 453 2295 potest
485 2234 573 2294 quarn
606 2234 640 2275 re
675 2217 816 2294 separari.
854 2215 892 2276 Ut
923 2223 1060 2276 venustas
1089 2223 1118 2276 et
1139 2215 1330 2295 pulchritudo

208 2303 346 2379 corporis
368 2300 484 2359 secerni
506 2317 566 2358 non
589 2306 687 2377 potest
711 2299 927 2360 avaletudine:
950 2301 993 2359 sie
1015 2300 1081 2369 hoe,
1106 2299 1143 2359 de
1159 2318 1217 2378 quo
1233 2300 1328 2378 loqui·

209 2403 286 2453 mur,
312 2383 470 2451 decorum,
500 2391 595 2443 totum
623 2380 695 2441 illud
723 2380 845 2460 quidem
869 2390 913 2442 est
936 2401 1003 2443 cum
1027 2384 1136 2444 virtute
1159 2385 1327 2456 contusum,

210 2467 261 2528 sed
284 2474 382 2526 mente
405 2473 435 2525 et
458 2466 637 2542 cogitatione
660 2464 858 2542 distinguitur.

209 2633 290 2697 dere,
315 2629 464 2682 concedere
489 2646 514 2681 u.
537 2647 562 2682 a.
585 2630 678 2683 Verba
699 2630 777 2683 beide
801 2631 1034 2684 Constructionen
1057 2633 1085 2684 iu
1109 2634 1328 2688 verschiedenem

209 2699 310 2751 Sinne.
327 2698 383 2764 vgi.
404 2714 426 2748 c.
446 2701 487 2760 35,
507 2702 547 2754 10.
564 2727 597 2735 —
616 2716 675 2751 unu
689 2699 807 2766 reliqua,
826 2698 869 2751 die
882 2701 1065 2768 temperantia
1083 2700 1148 2753 oder
1166 2702 1327 2770 moderatio,

209 2760 493 2886 crassianae
511 2765 840 2885 remotam
859 2770 883 2831 ι
902 2767 969 2887 ιθ
1234 2774 1329 2890 aa

207 2901 254 2953 fiir
272 2901 378 2964 dicam3
398 2899 454 2966 vgl.
472 2875 554 2965 11,i,
573 2905 598 2955 2.
610 2929 644 2938 —
662 2849 831 2953 ogaarehundia
843 2873 889 2952 die
901 2853 1328 2970 nghhdutihrihnigenqnhseihhe

207 2968 266 3020 sich
284 2968 402 3020 soheuen
420 2966 536 3032 (vereri)
555 2974 640 3020 etwas
653 2967 807 3020 Unreehtes
825 2985 859 3020 zu
873 2969 952 3033 thun‚
972 2969 1056 3020 daher
1070 2969 1133 3021 bald
1148 2971 1327 3024 Beseheideu-

208 3035 274 3099 heit,
292 3035 357 3087 bald
375 3033 556 3088 Sittsamkeit.
569 3063 603 3072 -
616 3043 742 3093 ornatus,
761 3035 882 3087 insolern
895 3035 1054 3103 Missiguug
1073 3036 1128 3089 und
1141 3037 1328 3091 Bescheideu·

209 3102 268 3154 heit
286 3102 358 3154 allen
378 3118 481 3154 unsern
498 3100 686 3168 Hundlungen
704 3101 766 3153 eine
785 3103 898 3167 gemisse
917 3103 1040 3156 Anmuth
1058 3103 1207 3157 verleiheu.

276 3174 300 3221 2.
320 3171 392 3229 loco;
410 3167 464 3233 vgl.
484 3186 506 3219 c.
526 3173 551 3232 6,
571 3172 601 3232 13
620 3168 649 3220 in
662 3168 758 3221 diesem
772 3169 869 3221 Theile
887 3170 975 3223 findet
993 3172 1063 3223 auch
1082 3171 1130 3224 des
1144 3173 1324 3241 Austindige,

207 3235 390 3288 Geziemende
410 3236 550 3300 (decorum
564 3259 597 3279 =
610 3236 684 3303 quod
702 3235 790 3298 decet,
808 3237 863 3304 vgl.
883 3254 906 3290 c.
925 3238 1007 3305 20,1)
1026 3238 1205 3307 seineStelle.
1218 3270 1252 3279 -
1269 3259 1326 3294 nou

206 3311 290 3371 queat
308 3321 363 3370 sep.
382 3310 455 3355 etwa
473 3302 525 3354 wie
543 3302 665 3354 Ursaehe
683 3302 740 3355 und
758 3304 912 3372 Wirhung3
930 3305 984 3372 vgl.
1003 3309 1028 3370 §.
1046 3310 1070 3359 8.

274 3375 299 3424 3.
318 3371 453 3436 intelligi3
476 3370 528 3421 wir
550 3386 649 3436 sagena
673 3387 701 3423 es
721 3370 788 3424 lissi
805 3371 861 3424 sich
879 3373 1095 3454 5h0‘.ffll¹.¹⁸¹¹’
1120 3375 1160 3426 als
1182 3375 1324 3439 erkldreu3

206 3438 1110 3572 ttlattihjassn'ltftitt.⁶.¹t'²att.²htt⁵¹.⁰l.tt¹.t{t
1125 3442 1327 3579 ἳὲῗὲἑῖῗιῗὲἷ

206 3579 231 3627 4.
251 3602 285 3610 -
303 3574 387 3639 tueri,
405 3590 427 3625 s.
447 3589 470 3626 c.
489 3577 515 3624 4.
537 3577 565 3636 13
585 3573 621 3624 im
635 3573 865 3640 Augebehalten,
883 3573 909 3624 d.
923 3575 948 3630 h.
968 3575 1126 3632 festhaiteu.
1138 3605 1171 3616 -
1184 3578 1242 3630 ludi
1260 3577 1327 3646 geht

208 3641 259 3693 aui
275 3641 318 3693 die
337 3639 534 3707 Handlungen‚
553 3658 649 3692 errare
667 3640 724 3692 und
741 3643 807 3704 salli
825 3642 876 3692 aui
889 3641 932 3693 die
951 3642 1110 3696 Ausichten.

275 3712 299 3763 7.
318 3709 439 3774 pertinet
463 3711 510 3772 ad,
533 3709 672 3761 erstreckt
688 3707 746 3760 sich
770 3707 869 3774 dahin,
892 3708 978 3775 hingt
999 3709 1085 3763 damit
1108 3729 1273 3766 zusammen.
1293 3741 1325 3752 —

207 3777 237 3826 in
256 3784 386 3892 promptu
406 3793 463 3828 eoae
488 3777 645 3842 Gegeusatz
668 3792 703 3827 zu
721 3775 878 3842 recondita,
904 3778 955 3829 aui
974 3776 1023 3830 der
1040 3778 1123 3831 Hand
1145 3780 1245 3847 hegen,
1264 3780 1326 3833 klar

206 3842 278 3901 sein;
297 3857 352 3907 vg.
373 3859 395 3895 e.
414 3848 439 3908 2,
458 3848 483 3897 7.
500 3873 534 3913 7
552 3845 686 3911 quiddam
704 3851 790 3897 etwas
808 3844 997 3910 Bestimmtes,
1017 3845 1066 3898 wie
1085 3847 1154 3900 auch
1173 3864 1197 3902 c.
1216 3852 1259 3913 29,
1278 3852 1322 3911 133

205 3909 260 3975 rgl.
285 3908 432 3962 besonders
457 3909 513 3962 Cic.
532 3910 632 3964 defin.
651 3911 704 3976 Ill,
722 3917 747 3976 7,
766 3917 798 3966 23
817 3912 951 3981 appetitio
971 3913 1054 3965 animi
1078 3931 1133 3966 non
1156 3912 1190 3965 ad
1208 3917 1326 3981 quodvis
1382 3935 1386 3943 ·

206 3993 292 4043 genus
311 3975 393 4041 vitae,
411 3977 458 4028 sed
477 3977 511 4028 ad
529 3982 673 4045 quandam
692 3979 807 4032 formam
826 3979 936 4033 vivendi
954 3980 1021 4033 datu
1038 3988 1088 4034 est.
1103 4010 1136 4019 -
1154 3982 1324 4049 intelligitur

206 4061 226 4096 s.
246 4045 314 4096 oben
332 4047 359 4108 g.
378 4050 402 4099 3.
423 4072 454 4082 —
473 4052 561 4096 totum
579 4047 667 4108 illud,·
685 4064 714 4100 es
730 4047 768 4100 ist
786 4064 861 4100 zwar
879 4065 950 4115 ganz
970 4047 1025 4100 und
1043 4064 1093 4114 gar
1104 4048 1134 4099 in
1147 4047 1218 4100 allen
1230 4049 1324 4102 seinen

206 4111 322 4163 Theileu
346 4111 630 4165 untrennbar'davon
654 4115 808 4180 (confusum
826 4115 1057 4178 verschmolzen),
1079 4114 1149 4167 wird
1172 4117 1236 4168 aber
1254 4117 1324 4169 doch

196 4178 372 4236 theoretisch
391 4179 419 4230 in
439 4178 487 4231 der
504 4180 682 4235 Abstraetion
701 4183 846 4251 (mentefet
859 4181 1036 4250 cogitatione)
1050 4182 1139 4236 daron
1154 4184 1323 4250 geschieden.

205 4275 238 4284 -
256 4248 329 4300 illud
346 4249 464 4315 quidem,
484 4247 538 4314 vgl.
558 4266 581 4301 c.
602 4254 643 4317 18,
661 4254 685 4306 4.
