2826 4748
200 310 242 375 60
649 322 697 368 nu
721 319 870 369 currens

200 467 243 524 sic
266 465 297 523 in
319 464 452 523 actiones
474 478 653 538 omnemque
677 461 768 520 vitam
790 458 902 519 nullam
925 440 1158 538 discrepantiam
1180 457 1323 519 conierre

165 547 355 608 edebemus.
395 542 466 605 112.
490 546 584 624 Atque
608 545 681 604 baec
705 543 872 603 differentia
896 550 1073 604 naturarum
1096 550 1207 603 tantam
1229 541 1322 604 babet

199 634 267 701 vim,
290 638 323 691 ut
344 647 558 709 nonnunquam
581 635 708 689 mortem
732 628 789 688 sibi
811 628 875 706 ipsc
897 627 1082 689 consciscere
1105 626 1179 687 alius
1202 626 1320 697 debeat,

169 717 278 777 vatius
300 716 331 774 in
354 714 459 774 eadem
491 731 580 774 causa
613 730 672 772 non
706 711 823 773 debeat.
868 712 945 772 Num
979 713 1059 772 enim
1092 711 1148 771 alia
1177 713 1208 770 in
1231 728 1322 772 causa
1379 738 1390 782 c,

201 800 239 860 Μ.
263 800 334 860 Cato
358 798 421 868 luit,
446 798 501 858 alia
524 799 630 866 ceteri,
654 797 705 875 qui
728 814 759 855 se
783 799 814 856 in
838 797 938 857 birica
961 796 1082 857 Caesari
1111 793 1320 856 tradiderunt?
1341 784 1392 871 aff,

201 885 290 962 Atqui
321 884 430 943 ceteris
463 883 587 942 forsitan
622 882 693 939 vitio
722 879 823 940 datum
852 886 946 948 esset,
981 882 1007 941 si
1030 898 1061 940 se
1084 859 1341 949 interemissent,l
1362 882 1385 931 ‘c'

200 975 360 1046 propterea
387 965 466 1046 quod
489 965 583 1026 lenior
613 982 717 1024 eorum
739 964 802 1024 vita
831 971 860 1022 ct
883 981 982 1023 mores
1010 965 1130 1025 lucrant
1151 962 1320 1024 faciliores:

200 1053 305 1112 Catoni
338 1069 407 1111 cum
439 1048 647 1109 incredibilem
670 1046 823 1108 tribuisset
856 1054 962 1108 natura
985 1050 1170 1126 gravitatem,
1195 1064 1322 1124 eamque

199 1138 264 1214 ipse
292 1141 436 1213 perpetua
465 1134 631 1193 constantia
663 1130 879 1200 roboravisset,
910 1150 1087 1212 semperque
1110 1133 1142 1192 iu
1164 1134 1321 1211 proposito

200 1226 397 1297 susceptoque
405 1218 529 1280 consilio
539 1217 763 1294 permansisset,
776 1215 967 1276 moriundum
980 1217 1087 1295 potius,
1100 1233 1187 1297 quam
1200 1216 1320 1294 tyranni

166 1301 299 1363 8vultus
322 1301 512 1379 aspiciendus
536 1301 600 1360 luit.
648 1297 717 1361 113.
740 1299 836 1371 Quam
858 1301 950 1361 multa
973 1318 1078 1379 passus
1101 1307 1146 1361 est
1167 1298 1265 1361 Ulixes
1289 1302 1325 1362 iu

201 1387 253 1447 illo
283 1403 388 1446 errore
418 1386 577 1454 diuturno,
612 1403 680 1445 cum
708 1392 739 1445 et
766 1383 945 1446 mulieribus
973 1386 1008 1458 (si
1031 1384 1116 1445 Circe
1144 1392 1175 1444 et
1197 1383 1325 1464 Calypso

200 1470 344 1530 mulieres
367 1469 559 1547 appellandae
582 1467 662 1548 sunt)
685 1469 852 1538 inserviret,
885 1471 968 1528 etin
991 1471 1072 1529 omni
1095 1487 1233 1530 sermone
1257 1487 1323 1529 om·

201 1553 289 1614 nibus
318 1553 467 1615 affabilem
496 1561 526 1614 et
558 1554 721 1614 iucundum
750 1571 782 1613 se
805 1571 868 1613 csse
891 1551 998 1615 vellet?
1026 1552 1112 1614 [tomi
1136 1570 1206 1613 vero
1230 1555 1323 1614 etiam

200 1638 396 1699 contumelias
419 1655 572 1698 servorum
596 1637 830 1715 ancillarumque
846 1637 979 1716 pertulit,
1003 1644 1036 1697 ut
1051 1638 1087 1698 ad
1104 1637 1134 1697 id
1152 1638 1321 1718 aliquando,

200 1721 279 1801 quod
309 1721 464 1801 cupiebat,
492 1723 617 1782 veniret.
661 1723 696 1782 tt
719 1722 805 1789 Aiax,
835 1740 894 1801 quo
923 1724 1022 1782 animo
1044 1722 1188 1800 traditur,
1211 1720 1324 1784 millies

166 1814 343 1884 coppetere
365 1811 509 1874 mortem,
540 1824 628 1883 quam
656 1805 705 1865 illa
734 1808 854 1884 perpeti
877 1805 1039 1866 maluisset.
1084 1806 1165 1876 Quae
1188 1813 1323 1868 coutem-

199 1890 317 1967 plantes
345 1888 513 1967 expendere
542 1887 709 1967 oportebit,
739 1889 810 1968 quid
839 1891 967 1968 quisque
995 1889 1104 1951 habeat
1133 1892 1197 1960 sui;
1227 1909 1321 1970 eaque

199 1971 360 2040 moderari,
384 1990 441 2032 nec
463 1970 537 2032 velle
561 1976 703 2053 experiri,
727 1990 816 2051 quam
839 1992 871 2033 se
894 1973 987 2035 aliena
1012 1973 1148 2036 deceant.
1185 1974 1217 2034 ld
1240 1977 1321 2035 enim

45 2121 50 2127 ,
199 2059 326 2117 maxime
360 2073 509 2136 quemque
542 2057 644 2126 decet,
683 2058 763 2136 quod
798 2065 843 2119 est
876 2060 1019 2138 cuiusque
1060 2061 1188 2120 maxime
1221 2076 1322 2119 suum.

148 2138 271 2203 10114.
296 2142 389 2201 Suum
424 2143 552 2220 quisque
585 2144 678 2219 igitur
710 2149 815 2202 noscat
845 2142 1013 2219 ingenium,
1048 2160 1206 2221 acremque
1236 2161 1266 2202 se
1291 2150 1321 2202 et

198 2224 345 2285 bonorum
370 2233 399 2285 et
421 2228 562 2286 vitiorum
585 2243 708 2286 sucrum
731 2226 861 2285 iudicem
883 2229 1035 2302 praebeat,
1059 2243 1096 2286 ne
1112 2226 1225 2286 scenici
1240 2226 1318 2304 plus,

148 2321 179 2369 11
199 2327 288 2388 quam
312 2327 375 2378 nos,
399 2309 556 2369 videantur
578 2308 690 2370 babere
713 2309 901 2388 prudentiae.
940 2309 986 2369 Illi
1003 2310 1083 2370 enim
1102 2327 1162 2370 non
1179 2311 1322 2388 optimaS,

199 2393 251 2455 sed
275 2392 332 2454 sibi
356 2392 678 2454 accommodatissimas
694 2391 810 2453 tabulas
830 2392 952 2470 eligunt.
990 2393 1047 2464 Qui
1063 2411 1135 2454 voce
1151 2394 1222 2454 freti
1239 2401 1321 2464 sunt,

199 2477 350 2554 Epigonos
377 2475 570 2552 Medumque;
599 2477 650 2555 qui
673 2483 773 2554 gestu,
804 2474 1011 2555 Melanippam,
1036 2476 1320 2556 Clytaemnestram:

199 2577 317 2638 semper
339 2559 485 2638 Rupilius
509 2578 598 2638 quem
621 2577 677 2637 ego
698 2560 829 2629 memini,
853 2561 1028 2641 Antiopam
1053 2580 1111 2622 non
1127 2579 1215 2640 saepe
1230 2564 1321 2623 Aeso·

149 2662 181 2709 12
199 2661 256 2722 pus
286 2646 418 2705 Aiacem.
464 2644 542 2721 Ergo
570 2644 678 2704 bistrio
707 2644 762 2703 boc
792 2643 905 2704 videbit
931 2647 964 2706 in
992 2663 1096 2715 scena,
1125 2665 1186 2706 non
1209 2645 1320 2707 videbit

200 2730 320 2805 sapiens
343 2730 388 2787 vir
410 2729 441 2787 in
465 2728 543 2788 vital
566 2728 610 2788 Ad
633 2744 707 2805 quas
729 2730 823 2806 igitur
845 2747 894 2789 res
917 2731 1062 2808 aptissimi
1086 2734 1207 2799 erimus
1229 2732 1259 2790 in
1282 2732 1322 2791 iis

200 2813 389 2890 potissimum
419 2811 649 2874 elaborabimus.
695 2812 747 2874 Sin
776 2810 935 2892 aliquando
966 2815 1126 2876 necessitas
1149 2833 1203 2874 nos
1225 2814 1261 2876 ad
1284 2832 1319 2875 ea

198 3044 298 3097 vollem
320 3044 433 3096 Rccble.
456 3072 489 3081 -
507 3061 536 3096 n.
560 3045 778 3113 discrepantium
800 3045 890 3098 nicbts
908 3045 1173 3112 Unbarmonischcs,
1195 3046 1319 3115 dagegen

200 3113 361 3178 differentia
379 3127 433 3163 nur
451 3109 698 3178 Verschiedenbeit,
718 3111 769 3164 vvic
785 3130 807 3165 s.
828 3118 871 3178 30,
891 3118 922 3166 17
940 3112 1142 3167 dissimilitudo.

267 3184 291 3232 7.
311 3178 385 3231 Num
407 3179 493 3239 enim·
517 3176 624 3231 Beweic
647 3178 732 3230 durch
755 3178 817 3232 eine
844 3180 973 3247 negative
993 3181 1097 3248 Frage:
1120 3181 1192 3233 deun
1211 3199 1238 3235 cs
1256 3200 1319 3235 war

199 3244 268 3297 doch
288 3245 364 3298 nicbt
381 3245 426 3297 die
443 3245 532 3297 Sache
549 3245 595 3297 dcc
609 3246 679 3298 Coto
693 3245 753 3298 eine
770 3247 880 3313 endere,
898 3247 937 3300 als
950 3286 957 3300 .
971 3248 1000 3300 .i
1013 3277 1044 3287 —
1057 3250 1088 3300 in
1105 3268 1201 3312 cauca,
1219 3268 1241 3302 s.
1256 3267 1279 3307 c.
1293 3255 1322 3316 7,

199 3315 215 3364 8
233 3311 262 3363 in
279 3310 356 3364 vitio.
377 3347 410 3355 -
429 3313 518 3364 lenior
535 3330 557 3365 s.
575 3331 603 3367 v.
623 3331 648 3369 e.
666 3312 755 3366 minus
773 3331 881 3380 severa3
900 3317 995 3397 facilia
1009 3315 1183 3398 nechgiebig,
1196 3317 1288 3399 geliigi
1312 3357 1320 3370 .

199 3396 286 3498 iciislsllc³
288 3380 577 3510 lllllelllllllllnclllllllctl
570 3397 596 3500 vg
597 3380 828 3515 listcctlllssellass-en
832 3401 849 3513 ‚l
850 3399 1020 3519 1llliellilllcmclu
1024 3385 1319 3520 lellplllillllclrlranlrlllll:

198 3529 231 3566 ea
247 3513 338 3582 prud,
356 3530 409 3582 que
427 3520 496 3567 erat.

266 3585 290 3634 9.
310 3583 389 3646 Quae
407 3584 623 3650 contemplantes
640 3604 674 3626 =
686 3599 756 3651 quae
773 3582 820 3651 qui
839 3584 1079 3654 contemplantur,
1100 3604 1146 3639 eos
1163 3593 1230 3650 etc.;
1251 3586 1318 3638 iiber

199 3647 247 3700 das
265 3648 375 3701 Relativ
393 3649 448 3716 vgl.
467 3667 489 3702 c.
509 3654 536 3714 4,
553 3655 578 3703 8,
597 3679 631 3690 ·-
650 3653 718 3717 qnid
734 3679 768 3688 -
786 3652 832 3703 sut
849 3651 902 3718 vgl.
922 3651 947 3719 S.
968 3657 982 3705 1
1001 3653 1172 3722 unucuique.
1186 3672 1319 3722 —ecque

198 3714 247 3767 der
264 3714 360 3767 Plural
378 3717 429 3768 aui
444 3716 492 3769 dos
510 3715 652 3769 collective
670 3716 735 3785 quid
753 3717 868 3786 quisque
884 3720 1014 3787 bezogen.
1033 3748 1067 3760 -
1085 3740 1168 3788 quarn
1181 3721 1232 3774 wie
1243 3721 1319 3774 weit.

268 3786 308 3833 lt.
328 3783 456 3850 Epiponi
478 3784 522 3837 die
547 3784 755 3837 Nacblrommen
782 3784 831 3837 der
856 3786 1011 3840 vberius
1033 3804 1084 3840 vor
1101 3788 1230 3850 Theben,
1257 3787 1318 3840 eine

197 3848 340 3927 Tragidie
356 3849 401 3902 des
415 3851 519 3916 Attius,
530 3852 585 3904 wie
597 3852 668 3906 euch
681 3851 725 3905 die
737 3851 898 3923 Melanippa
911 3855 968 3907 und
982 3855 1200 3924 Clytimnestr23
1219 3853 1316 3907 Medus

199 3914 255 3966 und
274 3916 405 3983 Antiope,
423 3921 439 3968 ⁶2
457 3918 616 3985 Tragddicn
634 3920 681 3974 des
695 3920 842 3974 Pacuvius.
862 3951 892 3960 -
908 3923 1042 3990 Rupilius
1060 3922 1103 3975 cin
1123 3923 1230 3975 Sobaus
1251 3920 1317 3974 ieler

197 3998 247 4034 cus
267 3982 387 4035 Cicero's
405 3982 594 4051 Knabenzeit3
613 3990 684 4041 Acco
705 4007 739 4041 uc
757 3982 875 4042 Cicero's
895 3988 1083 4057 zeitgenocse
1102 3989 1150 4041 der
1167 3988 1219 4040 den
1259 3989 1316 4041 elo·

197 4049 304 4169 mopier
323 4048 400 4103 nicht
417 4067 487 4117 geru
504 4053 617 4122 splene,
639 4056 703 4108 weil
721 4056 776 4110 ihm
795 4056 839 4109 dic
856 4056 937 4110 Rolle
954 4074 990 4110 zu
1009 4055 1245 4109 leidenschcitlicb
1264 4072 1316 4109 un-

196 4132 243 4182 ges
260 4134 304 4170 um
323 4134 390 4171 war.
949 4172 956 4192 ,

266 4190 307 4240 12.
325 4204 383 4239 non
405 4187 523 4252 videbit3
551 4187 618 4241 iiber
641 4189 686 4242 die
708 4191 833 4244 sehlendc
856 4191 1036 4257 Verbindung
1057 4190 1139 4256 (biert
1165 4190 1241 4257 und)
1260 4190 1315 4258 vgl.

196 4267 219 4306 c,
232 4256 273 4314 29,
286 4257 312 4308 6.
325 4283 358 4294 -
376 4254 427 4307 Sin
440 4256 595 4322 aliquando
613 4257 656 4308 bei
672 4256 748 4311 einer
759 4258 903 4312 einzelnen
917 4257 1105 4324 Gelegenheit,
1122 4258 1159 4311 inu
1171 4257 1316 4312 einzelnen
