2826 4748
643 334 649 345 ,
665 288 711 334 DE
736 287 888 336 OFFICIIS

185 583 202 643 l
321 563 480 658 Publium
500 597 680 674 Scipionem,
701 598 799 658 Marce
816 597 864 668 rili,
888 616 965 666 eum,
982 600 1032 675 qui
1048 601 1165 677 primus
1178 560 1336 661 Africanus

220 681 387 762 appellatus
410 684 462 751 sit,
491 682 591 743 dicere
620 675 739 741 solitum
763 684 883 762 scripsit
905 683 989 751 Cato,
1020 685 1068 763 qui
1098 684 1154 744 luit
1180 686 1243 746 lere
1271 688 1336 747 eius

219 766 362 846 aequalis:
384 768 544 843 Nunquam
558 783 590 826 se
604 769 703 828 miuus
717 769 840 828 otiosum
855 784 885 828 es
950 786 1039 843 quum
1059 785 1127 829 cum
1143 774 1262 844 otiosus,
1279 788 1336 832 neo

185 871 201 919 2
219 855 317 913 minus
338 854 443 926 solum,
468 864 557 928 quum
573 866 640 912 oum
654 854 735 912 solus
749 859 832 912 esset.
864 852 891 912 bl
931 854 1015 913 nilico
1030 870 1098 913 vero
1113 872 1167 913 vox
1184 862 1213 914 et
1228 872 1334 937 magno

219 939 283 997 viro
300 954 332 997 ac
349 938 481 1013 sapiente
498 937 602 1014 digna:
627 954 701 1015 quae
724 935 863 1010 declarat,
886 937 968 997 illum
990 939 1065 997 etin
1082 938 1141 999 otio
1156 938 1192 999 de
1207 941 1336 1016 negotiis

220 1024 352 1100 cogitare
376 1029 405 1081 et
428 1024 458 1081 iu
483 1021 643 1081 solitudine
666 1040 767 1082 secum
784 1020 863 1100 loqui
886 1022 1021 1092 solitum3
1046 1033 1079 1082 ut
1093 1025 1188 1101 neque
1205 1035 1335 1084 cessaret

220 1124 361 1186 unquam,
386 1114 414 1165 et
437 1105 584 1166 interdum
609 1105 756 1186 colloquio
779 1105 901 1167 alterius
924 1117 980 1166 non
1005 1115 1117 1185 egeret.
1140 1108 1241 1188 ltaque
1258 1108 1333 1170 duae

220 1210 280 1260 res,
304 1209 379 1270 quae
402 1191 575 1268 languorem
599 1190 726 1251 efferunt
749 1194 867 1261 ceteriS,
890 1189 973 1251 illum
997 1191 1158 1262 acuebant,
1188 1194 1280 1254 o'tium
1304 1202 1333 1254 et

185 1297 201 1346 3
220 1276 356 1336 solitudo.
380 1275 490 1336 Vellem
507 1276 594 1336 nobis
614 1275 670 1353 boc
686 1275 765 1337 idem
781 1275 880 1336 dicere
895 1276 1013 1336 liceret:
1036 1276 1088 1337 sed
1105 1279 1244 1337 siminus
1265 1281 1333 1338 imi·

218 1362 331 1421 tatione
353 1367 464 1420 tantam
487 1361 598 1438 ingenii
614 1363 827 1437 praestantiam
843 1362 987 1440 consequi
1001 1380 1168 1440 possumus,
1184 1363 1332 1423 voluntate

183 1466 200 1514 4
219 1451 301 1506 certe
317 1447 451 1522 proxime
468 1445 646 1506 accedimus
675 1440 824 1506 Nemeto
841 1460 875 1505 re
897 1444 1018 1525 publica
1040 1447 1268 1523 forensibusque
1283 1465 1334 1507 ne·

217 1531 305 1609 gotiis
329 1532 421 1590 armis
436 1531 536 1608 impiis
551 1532 637 1609 vique
650 1528 796 1609 prohibiti
814 1532 907 1590 otium
926 1526 1145 1611 persequimur,
1170 1540 1199 1592 et
1214 1530 1252 1590 ob
1269 1549 1333 1592 earu
1392 1594 1397 1603 ,

183 1636 199 1685 5
216 1633 346 1683 oausam,
371 1614 445 1674 urbe
462 1612 565 1675 relicta
582 1633 650 1675 rura
666 1622 870 1694 peragrantes,
894 1633 981 1692 saepe
1004 1616 1058 1676 soli
1082 1616 1194 1676 sumne.
1227 1613 1257 1675 2.
1275 1616 1332 1676 Sed

217 1718 273 1760 nec
290 1700 347 1760 boc
363 1701 456 1758 otium
473 1717 540 1759 oum
556 1700 687 1760 Africani
702 1702 772 1766 otio,
797 1716 852 1758 neo
867 1698 942 1758 baec
958 1700 1085 1759 solitudo
1101 1716 1167 1759 cum
1187 1699 1237 1760 illa
1253 1718 1333 1760 com-

185 1785 348 1864 qparanda
372 1793 425 1843 est.
471 1782 523 1842 llle
546 1785 626 1842 enim
648 1786 840 1862 requiescens
863 1802 878 1844 a
902 1787 946 1844 rei
969 1783 1106 1862 publicae
1124 1784 1334 1862 pulcherrimis

218 1868 395 1930 muneribus
422 1868 516 1928 otium
539 1866 594 1926 sibi
619 1867 755 1928 sumebat
777 1867 949 1945 aliquando,
980 1876 1009 1927 et
1031 1887 1046 1928 a
1068 1879 1156 1929 coetu
1178 1869 1332 1930 liominum

217 1956 447 2033 frequentiaque
469 1951 632 2021 interdum,
664 1962 811 2032 tamquam
840 1955 871 2012 in
894 1960 1013 2032 portum
1037 1972 1068 2014 se
1091 1957 1121 2013 in
1144 1951 1333 2015 solitudinem

184 2063 199 2111 7
218 2038 398 2118 recipiebat;
420 2044 556 2098 nostrum
579 2044 676 2097 autem
692 2040 783 2098 otium
801 2040 911 2116 negotii
925 2040 1032 2116 inopia,
1048 2056 1108 2098 non
1124 2039 1333 2119 requiescendi

218 2123 327 2193 studio,
352 2123 544 2183 constitutum
569 2130 623 2186 est.
667 2121 804 2183 Extincto
829 2126 907 2183 enim
937 2131 1041 2183 senatu
1071 2121 1233 2203 deletisque
1257 2123 1333 2183 iudi·

217 2211 282 2279 ciis,
306 2208 376 2289 quid
399 2215 452 2275 est,
477 2207 554 2286 quod
578 2206 701 2284 dignum
717 2206 803 2267 nobis
818 2215 868 2267 aut
889 2209 920 2267 in
936 2210 1021 2268 curia
1036 2215 1088 2267 aut
1108 2209 1139 2266 in
1162 2209 1228 2268 loro
1245 2225 1333 2286 agere

183 2323 199 2372 g
219 2293 390 2374 possimus?
411 2289 440 2352 3.
455 2292 507 2357 lta,
524 2293 577 2371 qui
593 2293 623 2351 in
639 2294 765 2351 maxima
777 2290 948 2352 celebritate
966 2299 1052 2371 atque
1068 2293 1099 2351 in
1115 2293 1208 2353 oculis
1223 2295 1332 2355 civium

715 2543 784 2593 Kar.
804 2547 827 2598 1.

284 2632 307 2678 1.
326 2628 375 2694 qui
393 2635 459 2694 cipp.
483 2627 535 2684 εἰη
561 2624 648 2677 diener
667 2616 873 2677 Zwischensetz
896 2625 996 2692 gebdrt
1018 2626 1166 2693 eigeutliob
1190 2627 1267 2680 nicht
1285 2646 1335 2682 zur

215 2695 371 2748 indirecten
389 2693 463 2746 Rede
482 2694 540 2746 und
553 2692 653 2746 mdeste
665 2690 803 2746 Indicetiv
820 2692 889 2749 sein.
900 2724 934 2731 —
947 2697 1074 2762 aequalis
1091 2694 1161 2747 Ceto
1173 2712 1232 2747 war
1244 2696 1334 2764 einige

215 2764 301 2817 Jebre
315 2760 418 2832 jfinger
436 2761 477 2842 als
493 2760 603 2843 §cipior
622 2760 710 2813 dieser
727 2760 763 2841 im
776 2758 846 2813 Jehr
857 2765 917 2829 205,
934 2762 1016 2842 jener
1029 2766 1077 2815 195
1091 2758 1204 2883 Co‘nsql.
1218 2793 1250 2803 —
1264 2768 1334 2817 otio-

216 2829 1333 2965 ⁸²⁴”cfit„²lttt,t,ltii3lttlfftlftlttllit'?,titttiit:

215 2967 365 3034 gescbdtte
385 2995 416 3004 -
435 2984 543 3018 crecere
563 2965 693 3032 unthdtig
710 2964 780 3030 sein,
797 2964 894 3017 feiern.
913 2993 946 3002 -
964 2967 990 3017 oi
1006 2966 1110 3031 minus,
1129 2966 1182 3033 vgl.
1200 2967 1239 3033 ΙΙ,
1254 2985 1277 3020 c.
1291 2973 1331 3030 12,

214 3042 241 3090 4.
256 3064 286 3072 -
301 3035 420 3087 imitatio
437 3033 477 3086 ele
495 3035 651 3101 Gegensatz
675 3050 709 3084 zu
727 3032 856 3086 volontas
878 3032 927 3085 das
951 3032 1144 3085 noobeiserude
1162 3034 1330 3099 Heudeln3

216 3103 271 3170 νει.
283 3103 313 3222 41.’
328 3106 586 3242 drrddsdmntonius
604 3168 673 3222 bielt
690 3167 742 3220 den
760 3170 847 3221 Senat
865 3168 906 3221 oft
924 3167 974 3221 mit
986 3166 1175 3230 Beweffneten
1191 3170 1331 3237 umgeben.

216 3239 274 3291 Aus
293 3236 381 3290 dieser
399 3237 484 3290 Stelle
502 3236 584 3288 seben
603 3237 670 3301 wirs
684 3236 745 3289 dass
764 3237 812 3288 das
830 3236 915 3288 dritte
934 3234 1010 3288 Bucb
1033 3253 1073 3287 am
1093 3234 1172 3288 Ende
1191 3237 1237 3289 des
1255 3238 1280 3293 J.
1299 3244 1332 3290 44

216 3305 288 3358 nach
314 3305 373 3356 dem
392 3303 561 3357 Ersoheinen
588 3304 636 3356 der
662 3310 686 3357 2.
704 3303 905 3374 philippiscben
933 3302 1008 3355 Rede
1034 3302 1208 3371 gescbrieben
1236 3304 1280 3356 ist.
1299 3333 1332 3343 —

135 3369 142 3379 '
216 3392 287 3426 rura
305 3389 425 3440 percipe,
443 3371 499 3438 vgl.
520 3371 640 3424 uinis.
660 3378 684 3425 3.
704 3374 849 3424 -ltoc=
866 3388 962 3423 meum.
986 3371 1039 3438 vgl.
1066 3379 1149 3423 uuten
1169 3389 1192 3423 o.
1211 3377 1237 3438 ἓ,
1256 3377 1285 3438 23
1305 3377 1332 3438 9,

215 3447 240 3498 9.
260 3471 292 3478 -
311 3444 501 3508 comparanda
519 3448 567 3498 est,
587 3439 640 3506 vgl.
660 3439 684 3504 1,
703 3457 726 3491 c.
747 3445 787 3504 18,
806 3438 1046 3506 (iintelligendum
1064 3449 1113 3490 est.

282 3513 307 3561 6.
326 3509 487 3560 muneribus
498 3531 531 3551 =
544 3507 753 3573 Amtssdbrung,
767 3507 821 3574 vgl.
835 3525 857 3562 c,
871 3511 914 3570 22,
927 3513 950 3562 9.
960 3537 992 3546 -
1006 3525 1112 3558 sumere
1128 3505 1186 3559 siob
1207 3506 1331 3569 nehmeu,

216 3577 286 3629 noch
305 3576 410 3643 eiguem
424 3575 562 3641 Belieben,
582 3574 660 3627 nicht
677 3575 830 3641 gendthigt.
850 3604 882 3612 -
900 3575 998 3643 inopia
1011 3574 1223 3642 Redfirftigkeit,
1242 3574 1285 3627 die
1302 3575 1331 3627 in

215 3646 274 3696 dem
292 3643 507 3696 Entbehrenden
526 3643 606 3710 liegt3
626 3642 743 3711 penurie
760 3642 883 3710 degegen
896 3642 943 3694 das
956 3642 1140 3709 mangelbefte
1152 3641 1331 3695 Vorbenden·

214 3712 274 3766 sein
293 3712 341 3763 der
353 3711 442 3765 Sache
459 3712 556 3773 selbst3
577 3727 681 3763 warum
695 3711 767 3762 wdre
786 3711 912 3763 letzteres
925 3709 984 3762 bier
996 3709 1172 3780 unpassend‘i
1184 3740 1217 3748 -
1230 3712 1332 3763 concti-

214 3787 308 3862 tutum
319 3787 375 3860 eet,
396 3780 553 3860 Gegensatz
566 3795 601 3830 au
620 3778 743 3832 sumebat
754 3802 788 3822 =
800 3778 878 3830 nobis
890 3777 1048 3860 impositum
1066 3785 1116 3859 eet.
1135 3807 1167 3814 -
1186 3778 1332 3859 Extinctq5

214 3846 433 3977 {titillet
451 3845 1331 3981 littitiittttatfflitaiatltltltlclllt,lit

215 3984 262 4036 der
279 3985 363 4037 Stedt
381 3983 532 4037 vertrieben
556 4000 651 4035 waren
674 4000 702 4036 u.
722 3982 876 4051 dberhaupt
896 3980 1111 4048 Waffengewalt
1133 3929 1280 4033 berrscbte.
1299 4010 1331 4018 —

215 4055 276 4116 soro
295 4052 362 4119 gebt
379 4050 511 4103 ebenfells
530 4068 582 4102 nur
600 4050 651 4103 auf
665 4050 709 4101 die
726 4049 841 4113 iudicia;
861 4048 913 4116 rgl.
932 4048 970 4114 II,
990 4067 1012 4101 c.
1034 4054 1056 4107 1,
1075 4053 1100 4101 8.

283 4124 307 4172 8.
325 4120 494 4182 celebritate,
519 4117 555 4169 im
578 4118 823 4184 ausgebreitetsten
846 4117 983 4176 Verkehr,
1007 4122 1148 4168 worunter
1165 4115 1214 4167 der
1231 4116 1331 4169 Rdmer

217 4187 382 4240 namentlich
401 4186 445 4238 die
462 4186 563 4252 Menge
579 4186 629 4237 der
640 4186 852 4238 Ebreubesucbe
869 4202 896 4236 u.
909 4182 1135 4250 Ehrenbegleiter
1145 4183 1214 4235 beim
1227 4184 1332 4237 dffent·

215 4254 304 4306 lichen
323 4255 480 4320 dustrem,
500 4254 551 4306 wie
563 4254 602 4306 sie
618 4252 698 4321 jeder
712 4253 889 4319 Angesebene
901 4252 985 4313 hatte,
1004 4253 1142 4306 reobnete.
1155 4281 1184 4289 -
1200 4254 1230 4305 in
1244 4254 1332 4305 oculis
