2826 4748
523 279 592 325 nra.
608 278 632 324 1.
656 278 730 329 cnr.
753 277 838 326 xvu.
1194 261 1237 328 35

128 415 327 479 concluditur.
372 413 423 477 54.
446 416 519 478 Nam
548 435 614 479 cum
644 418 681 477 sit
708 417 764 477 hoc
791 426 896 478 natura
919 435 1081 479 commune
1102 420 1269 479 animan-4

123 503 214 570 dum,
244 510 276 563 ut
297 499 427 561 habeant
447 499 612 562 lubidinem
633 502 825 580 procreandi,
854 503 950 580 primo
975 503 1101 584 societas
1122 503 1153 563 in
1174 503 1237 582 ipso

127 587 264 662 coningio
281 594 338 647 est:
362 588 543 664 proximam
564 584 682 655 liberis;
713 584 818 646 deinde
841 604 898 647 una
922 585 1045 655 domus,
1068 591 1235 648 communia

125 672 233 733 omnia.
277 669 309 729 ld
332 678 429 730 autem
453 679 498 732 est
520 672 698 750 principium
723 670 805 731 urbis
827 681 857 731 et
872 672 958 748 quasi
973 672 1167 733 seminarium
1188 675 1234 732 rei

124 753 270 835 publicae.
308 754 480 834 Sequuntur
493 755 619 817 fratrum
641 757 875 826 coniunctiones,
898 766 966 833 post
989 754 1237 819 consobrinorum
1255 767 1271 816 5

125 840 390 918 sobrinarumque3
415 842 555 916 quicum
584 858 643 901 una
669 841 757 900 domo
785 842 844 901 iam
874 841 941 918 capi
964 842 1173 920 nonpossint,
1208 843 1239 901 in

126 924 197 987 alias
220 925 331 994 donica,
355 933 505 1003 tamquam
526 926 557 986 iu
574 923 714 993 colonias,
738 934 855 987 exeunt.
892 924 1066 1002 Sequuntur
1089 925 1270 989 connubias

126 1017 156 1072 et
177 1011 350 1079 alboiuus,
380 1027 416 1069 ex
438 1010 546 1088 quibus
567 1011 656 1070 etiam
678 1008 781 1088 plures
804 1011 976 1088 propinqui.
1025 1007 1105 1078 Quae
1128 1027 1238 1089 propa-

125 1097 206 1173 gatio
229 1101 258 1154 et
281 1091 401 1154 suboles
425 1096 507 1172 origo
531 1103 576 1154 est
598 1111 699 1154 rerum
722 1093 918 1172 publicarum.
958 1093 1117 1171 Sanguinis
1139 1103 1239 1155 autem

126 1178 295 1240 coniunctio
317 1186 348 1238 et
363 1177 562 1240 benivolentia
579 1177 707 1239 devincit
722 1179 858 1240 homines
873 1188 902 1239 et
919 1181 1054 1240 caritate.
1091 1175 1143 1242 55.
1160 1179 1238 1256 Mag·

124 1282 195 1325 num
217 1268 263 1324 est
285 1263 363 1324 enim
386 1262 490 1324 eadem
513 1263 623 1325 babere
649 1271 840 1325 monumenta
868 1265 1034 1331 maiorum,
1064 1263 1176 1324 eisdem
1199 1265 1240 1324 uti

128 1348 229 1420 sacris,
254 1345 390 1424 sepulcra
413 1347 524 1408 babere
547 1349 724 1410 communia.

209 1430 265 1493 Sed
289 1434 421 1493 omnium
449 1434 623 1494 societatum
651 1431 730 1493 nulla
759 1433 959 1511 praestantior
989 1440 1049 1500 est,
1084 1431 1161 1493 nulla
1190 1434 1272 1493 tir-v

126 1519 218 1587 mior,
250 1533 338 1593 quam
361 1534 427 1577 cum
451 1519 506 1577 viri
529 1517 613 1585 boul,
638 1517 772 1578 moribus
795 1516 923 1586 similes,
947 1524 1018 1576 sunt
1039 1514 1240 1579 familiaritate

126 1603 287 1663 coniuncti.
331 1598 405 1661 lllud
429 1605 508 1664 enirn
536 1601 694 1662 honestum
719 1601 809 1682 (quod
831 1618 920 1679 saepe
944 1601 1080 1677 dicimus)
1103 1603 1239 1661 etiamsi

124 1687 155 1747 in
176 1685 234 1746 alio
258 1687 417 1751 cernimus,
441 1694 539 1747 tamen
562 1704 617 1747 nos
640 1694 737 1747 movet
757 1695 847 1765 atque
868 1684 928 1756 illi,
952 1687 982 1745 in
1007 1703 1065 1764 quc
1087 1685 1118 1745 id
1140 1687 1238 1747 inesse

124 1771 248 1839 videtur,
273 1772 384 1830 amicos
406 1772 486 1831 lacit.
530 1767 580 1834 56.
602 1771 640 1833 Et
669 1788 849 1850 quamquam
877 1772 975 1830 omnis
1005 1773 1097 1832 virtus
1125 1788 1180 1831 nos
1201 1771 1272 1831 ad8

126 1873 159 1917 se
182 1854 274 1916 allicit
295 1855 435 1935 lecitque,
459 1865 493 1916 ut
508 1873 560 1916 eos
575 1855 738 1933 diligamus,
762 1857 794 1915 in
816 1854 924 1932 quibus
946 1857 1009 1932 ipsa
1025 1855 1125 1916 inesse
1142 1856 1238 1917 videa·

125 1949 187 2009 tur;
212 1946 309 1999 tamen
331 1941 443 2000 iustitia
467 1949 496 2001 et
517 1939 682 2000 liberalitas
703 1940 733 2000 id
758 1941 883 2000 maxime
906 1940 1005 2000 allicit.
1038 1939 1116 2000 Nihil
1139 1949 1270 2004 autema

127 2032 173 2085 est
192 2021 350 2085 amabilius
373 2041 428 2084 nec
450 2023 622 2100 copulatius,
648 2043 736 2103 quarn
758 2041 875 2084 morum
899 2022 1058 2083 similitudo
1082 2024 1238 2085 bonorum.

125 2108 158 2169 lu
181 2107 290 2185 quibus
313 2110 390 2169 euim
414 2108 516 2169 eadem
532 2108 628 2169 studia
644 2115 721 2178 sunt,
746 2108 866 2169 eaedem
889 2106 1064 2176 voluntates,
1087 2109 1119 2167 in
1135 2107 1181 2168 his
1196 2109 1237 2176 lit,

124 2202 157 2254 ut
178 2209 272 2273 aeque
295 2194 418 2272 quisque
441 2191 534 2253 altero
557 2192 739 2261 delectetur,
767 2211 801 2254 ac
823 2211 854 2252 se
877 2195 960 2270 ipso;
991 2193 1176 2271 efficiturque
1198 2192 1238 2263 id,

125 2278 204 2357 quod
233 2276 413 2356 Pythagoras
441 2276 500 2338 vult
527 2279 557 2336 in
586 2279 728 2347 amicitia,
764 2287 796 2338 ut
828 2296 905 2339 unus
937 2279 988 2338 liat
1021 2296 1056 2338 ex
1090 2275 1236 2356 pluribus.

124 2362 230 2439 Magna
254 2364 340 2421 etiam
365 2361 414 2422 illa
438 2363 635 2423 communitas
658 2372 719 2432 est,
744 2381 818 2441 quae
841 2363 1000 2423 conficitur
1024 2381 1059 2421 ex
1083 2361 1236 2424 beneficiis
1256 2373 1288 2422 10

125 2445 203 2506 ultro
228 2454 256 2506 et
279 2448 355 2506 citro
378 2447 453 2507 datis
476 2447 677 2524 acceptisque:
714 2464 788 2524 quae
817 2454 847 2507 et
874 2456 976 2507 mutua
1007 2457 1035 2506 et
1064 2456 1146 2524 grata
1170 2447 1238 2508 dum

53 2601 61 2617 .
126 2539 214 2600 suut;
236 2532 315 2591 inter
338 2549 411 2610 quos
435 2549 467 2591 ea
491 2541 568 2607 sunt,
591 2533 676 2592 firma
700 2531 906 2592 devinciuntur
929 2533 1080 2592 societate.

209 2611 261 2675 57.
285 2614 344 2675 Sed
371 2633 438 2676 cum
465 2619 563 2675 omnia
593 2619 708 2676 ratione
737 2619 894 2694 animoque
923 2614 1071 2685 lustraris,
1105 2618 1235 2676 omnium
1255 2631 1286 2680 11

126 2747 244 2800 stimmte
262 2747 452 2810 Substantia,
471 2765 513 2799 wo
532 2747 568 2798 irn
580 2745 775 2800 Latsiniscben
795 2765 848 2799 nur
866 2746 913 2799 dos
934 2747 1093 2814 allgemeine
1106 2747 1240 2801 Neutrum

125 2814 213 2878 steht3
233 2813 291 2865 bier
303 2813 417 2880 Kreis,
436 2814 537 2867 verber
551 2816 586 2880 (S.
599 2817 625 2881 2)
644 2814 745 2867 Baud.
759 2845 792 2853 -
810 2816 987 2867 concluditur
998 2815 1116 2866 societas
1128 2816 1242 2885 propiu-

127 2898 251 2950 quorum.
270 2909 303 2918 -
321 2883 490 2950 principium
507 2882 551 2934 die
571 2882 734 2949 Grundlage
751 2882 799 2935 der
812 2880 961 2935 Gemeiude
979 2882 1056 2934 einer
1074 2883 1166 2943 Stadt,
1185 2883 1240 2950 vgl.

126 2967 149 3004 c.
161 2954 186 3015 4,
200 2953 222 3001 1.
234 2977 268 2987 -
279 2951 436 3001 consobrini
448 2949 492 3001 die
506 2950 610 3001 Kindter
621 2949 669 3002 der
682 2950 876 3012 Gescbwister‚
895 2949 1042 3016 eigentlicb
1063 2966 1115 3000 nur
1132 2949 1176 3001 die
1193 2950 1242 3002 der

126 3019 293 3080 Schwester3
320 3015 427 3084 (liedes
446 3017 689 3087 Brudersqheissen
709 3017 861 3086 patrueles3
887 3018 993 3070 sobrini
1010 3016 1053 3068 dle
1072 3016 1176 3069 Kinder
1194 3017 1242 3069 der

125 3084 288 3137 consobrini.
309 3113 339 3122 -
359 3086 466 3137 suboles
484 3085 529 3137 eiu
552 3095 629 3138 sonst
646 3086 798 3156 poetisches
817 3087 911 3138 Wart:
936 3084 986 3137 der
1005 3085 1188 3137 Nacbwucbs.
1207 3119 1241 3129 -

126 3154 203 3219 oripo
220 3153 269 3205 der
286 3159 358 3204 erste
376 3152 516 3204 vvirklicbe
535 3154 660 3221 Anfang;
684 3154 863 3207 seminarium
883 3154 921 3220 (§.
941 3155 967 3219 4)
987 3152 1035 3204 dor
1058 3160 1131 3205 erste
1149 3152 1237 3206 Keim.

125 3248 158 3257 -
176 3217 429 3290 benivolentiamit
451 3220 580 3285 caritate,
608 3222 686 3275 nicht
712 3222 761 3274 mit
788 3221 946 3274 coniunctio
976 3237 1011 3273 zu
1030 3220 1187 3276 verbinden.
1207 3249 1238 3259 -

125 3289 223 3340 iisdem
240 3289 338 3352 saeris,
350 3304 428 3340 sacra
445 3288 585 3354 gentilicio
602 3299 736 3357 genennt.

193 3361 217 3409 i.
234 3356 418 3423 familiaritas
431 3354 627 3410 Vertrautheit.
640 3386 673 3395 -
685 3360 843 3415 honesturn,-
855 3355 943 3409 virtus
957 3356 996 3408 als
1006 3356 1133 3424 jedwede
1145 3355 1240 3407 Tiicb·

126 3422 238 3489 ligneis,
262 3422 428 3475 nomeutlicb
446 3423 516 3476 auch
535 3424 697 3493 Tapferkeit
716 3424 771 3477 urrd
788 3424 886 3489 Muth,
904 3424 978 3475 wire
995 3424 1054 3476 hier
1071 3424 1116 3475 eiu
1134 3440 1168 3475 zu
1189 3423 1241 3476 all·

125 3490 260 3557 gemeiner
281 3490 402 3556 Begriff3
426 3489 569 3544 honestum
594 3492 641 3544 das
664 3491 768 3545 sittlich
786 3494 875 3554 Gute,
898 3492 1047 3558 eigentlicb
1064 3491 1112 3543 des
1130 3491 1241 3543 Ehren·

126 3557 216 3621 haite3
244 3576 273 3611 so
296 3557 423 3610 honestos
447 3576 469 3612 c.
489 3564 564 3624 18,6
586 3560 630 3611 die
652 3558 895 3625 Ebrenhaitigkeit
917 3559 984 3611 oder
1007 3558 1189 3610 Sittlichkeit.
1209 3587 1242 3597 -

125 3627 208 3677 etiam
230 3629 255 3676 ri
278 3626 368 3691 (nicht
389 3626 505 3693 etiarnsi)
530 3629 600 3679 auch
617 3627 706 3687 doun,
730 3645 825 3688 wenn3
854 3625 908 3693 vgl.
933 3644 956 3678 c.
974 3631 1017 3691 37,
1038 3631 1077 3679 15.
1095 3660 1128 3668 -
1147 3633 1240 3677 tamen

126 3691 215 3745 obvvol
237 3693 288 3744 vvir
305 3710 334 3744 es
356 3710 391 3744 an
413 3693 501 3746 einero
524 3695 650 3755 Andern,
676 3695 752 3747 nicbt
770 3713 805 3747 an
824 3711 875 3745 uns
893 3694 978 3745 selbot
995 3693 1086 3746 seben.
1105 3722 1137 3730 —
1156 3712 1240 3761 copu-

125 3762 213 3813 latius
225 3776 310 3827 anger
328 3761 489 3830 verkniiplt,
507 3762 571 3814 aber
583 3763 633 3815 mit
645 3763 704 3814 dem
716 3760 912 3828 Nebeubegriff
927 3760 1032 3826 „durch
1045 3760 1124 3827 eigne
1137 3760 1239 3813 Kraft“

126 3828 212 3881 daber
228 3851 262 3871 ==
280 3826 473 3896 copulandus,
495 3846 524 3880 so
543 3829 665 3895 11‚1e,r
690 3830 814 3882 ornatior
832 3853 865 3872 =
884 3828 968 3894 magis
987 3845 1098 3881 ornans.
1134 3833 1172 3882 So
1191 3829 1241 3881 hat

126 3898 230 3951 tacitas
249 3896 301 3947 wie
313 3912 395 3948 unser
413 3897 665 3964 verscbwiegen
685 3898 773 3949 active
787 3897 842 3948 oud
854 3896 962 3964 passive
975 3896 1151 3963 Bedeutung;
1171 3898 1240 3948 auch

126 3963 325 4028 consideratus,
344 3970 451 4026 cautus,
471 3963 682 4032 circumspectus
702 3965 758 4016 und
773 3963 818 4015 die
830 3964 976 4032 Adjectiva
996 3982 1098 4024 caecus,
1118 3965 1240 4032 ignarae,

127 4032 258 4084 obscurus
274 4031 325 4095 ΙΠ,
346 4036 387 4097 13,
409 4035 447 4087 12.
465 4060 498 4068 -
517 4035 647 4085 bonoram
671 4031 899 4084 substantiviscb:
923 4041 1007 4099 guter
1030 4032 1188 4086 Menschen.
1209 4061 1240 4070 -

126 4117 198 4166 quae
214 4123 249 4142 =
265 4099 337 4151 deun
355 4099 429 4152 diese
448 4098 512 4165 (vgl.
532 4117 555 4151 c.
573 4107 600 4164 4,
618 4106 634 4154 8
653 4116 678 4152 u.
697 4118 720 4151 c.
741 4103 764 4159 7,
782 4104 798 4152 5
817 4103 958 4167 ortusque)
983 4101 1034 4153 aul
1053 4099 1186 4152 beneficia
1206 4116 1240 4150 zu

124 4166 272 4231 bezieben3
292 4167 342 4219 mit
358 4167 432 4219 inter
450 4183 516 4234 quos
534 4167 615 4234 ltingt
633 4168 681 4220 der
697 4167 838 4220 Nacbsatz
857 4185 902 4219 an.
922 4198 952 4206 -

136 4232 140 4239 ’
196 4241 235 4287 11.
255 4237 363 4288 ratione
386 4237 531 4302 animoque
550 4237 684 4288 lustraris
707 4235 757 4289 mit
776 4235 982 4301 riberlegendem
1003 4236 1097 4288 Geiste
1114 4235 1241 4288 batrach-

976 4318 1037 4371 ,Ἠ
