2826 4748
547 276 615 324 nm.
637 276 660 323 ι.
706 273 781 322 car.
804 277 837 323 v.
1194 260 1233 323 11

124 416 301 495 buendoquc
331 433 416 475 suum
441 415 561 494 cuique,
592 424 622 477 et
649 434 749 476 rerum
776 422 994 480 contractarum
1022 414 1094 476 fide:
1129 418 1232 476 autin

123 504 216 564 animi
238 499 347 560 excelsi
368 509 455 576 atque
476 501 578 560 invicti
600 501 802 578 magnitudine
824 518 857 559 ac
886 499 1011 560 robore:
1038 508 1090 560 aut
1116 500 1147 559 io
1170 518 1234 560 om·

124 590 222 656 nium,
254 602 329 662 quae
357 585 431 645 liunt
454 602 589 665 quaeque
616 586 770 655 dicuntur,
800 584 905 645 ordine
931 592 961 645 et
988 585 1090 652 modo,
1120 587 1150 644 in
1174 603 1233 663 quo

123 674 202 732 inest
223 670 367 730 modestia
394 676 422 728 et
452 672 654 745 temperantia.
710 666 759 731 15.
782 669 863 740 Quae
891 676 1029 748 quattuor
1055 680 1268 748 quamquame

125 759 204 817 inter
226 773 258 814 se
281 752 415 830 colligata
438 761 525 832 atque
547 753 694 831 implicata
718 763 799 824 sunt,
828 763 925 814 tamen
950 772 986 814 ex
1008 751 1130 831 singulis
1152 761 1234 814 certa

124 842 291 902 officiorum
316 855 425 915 genera
449 846 622 899 nascuntur.
667 838 753 900 Velut
781 857 817 897 er
839 856 872 898 ea
901 847 1000 916 parte,
1034 855 1109 917 quae
1139 839 1234 916 prima

124 925 274 1002 descripta
298 933 350 991 est,
376 925 406 982 in
429 940 485 1001 qua
509 926 684 1000 sapientiam
708 932 736 983 et
756 923 944 1002 prudentiam
972 924 1123 1001 ponimus,
1157 924 1235 983 inest

129 1010 278 1086 indagatio
301 1014 390 1084 atque
411 1008 542 1068 inventio
569 1010 644 1076 veri;
680 1010 800 1086 eiusque
829 1009 943 1068 virtutis
967 1003 1026 1068 hoo
1053 1024 1161 1067 munus
1190 1015 1235 1068 est

127 1094 293 1174 proprium.
340 1090 389 1152 16.
413 1092 452 1153 Ut
473 1094 552 1152 enim
579 1093 703 1171 quisque
725 1095 852 1154 maxime
880 1092 1033 1172 perspicit,
1058 1092 1126 1171 quid
1147 1093 1178 1151 in
1201 1101 1269 1151 ret

124 1197 242 1258 quaque
264 1178 452 1238 verissimum
475 1178 522 1243 sit,
547 1179 656 1256 quique
672 1179 841 1238 acutissime
864 1186 894 1237 et
909 1175 1064 1238 celerrime
1087 1183 1184 1256 potest
1207 1183 1234 1236 et

126 1262 225 1322 ridere
249 1268 277 1322 et
300 1262 445 1341 explicare
468 1262 627 1331 rationem;
650 1261 674 1322 is
690 1261 936 1341 prudentissimus
958 1269 988 1321 et
1003 1261 1235 1340 sapientissimus

126 1351 185 1408 rite
200 1345 304 1406 baberi
319 1347 403 1406 solet.
437 1344 486 1406 17.
510 1345 653 1416 Quocirca
675 1347 753 1414 huic,
771 1348 855 1426 quasi
870 1349 1003 1416 materia,
1028 1364 1114 1425 quam
1131 1352 1236 1406 tractet
1253 1355 1269 1403 o

124 1441 157 1491 et
177 1434 208 1490 in
231 1448 286 1510 qua
311 1438 456 1499 versetur,
480 1430 613 1490 subiecta
637 1438 681 1491 est
702 1433 820 1492 veritas.
859 1430 990 1509 Reliquis
1016 1439 1114 1490 autem
1141 1428 1237 1490 tribus

132 1514 288 1575 virtutibus
311 1514 499 1576 necessitates
515 1517 684 1594 propositae
700 1523 769 1576 sunt
791 1515 825 1575 ad
848 1533 897 1575 eas
919 1533 967 1574 res
981 1515 1130 1591 parandas
1151 1522 1237 1574 tuen·

125 1600 249 1678 dasque,
284 1598 391 1677 quibus
413 1603 490 1661 aetio
513 1602 592 1660 vitae
613 1603 794 1668 caminetum
822 1607 855 1660 ut
884 1609 914 1660 et
935 1599 1058 1659 societas
1080 1596 1237 1659 hominum

125 1685 353 1762 coniunctioque
376 1693 524 1750 secretum
549 1695 578 1745 et
600 1687 688 1746 animi
710 1683 882 1745 excellentia
906 1684 1145 1763 magnitudoque,
1169 1701 1236 1744 oum

126 1772 157 1830 in
180 1768 322 1847 augendis
344 1768 450 1848 opibus
472 1768 705 1849 utilitatibusque
733 1778 762 1830 et
790 1770 847 1830 sibi
874 1778 903 1831 et
930 1773 991 1830 suis
1019 1769 1235 1846 comparandis,

128 1862 190 1913 tum
212 1853 413 1929 multomagis
437 1855 465 1912 in
488 1853 533 1912 bis
549 1855 622 1931 ipsis
639 1853 843 1932 despiciendis,
868 1853 990 1914 eluceat.
1030 1853 1111 1914 Ordo
1126 1860 1268 1927 autema

128 1947 157 1997 et
179 1938 357 2003 constantia,
382 1945 411 1995 et
434 1936 610 2005 moderatio,
639 1946 668 1996 et
691 1956 739 2007 ea,
768 1955 841 2014 quae
864 1947 933 1997 sunt
955 1935 1002 1997 his
1024 1937 1143 2007 similia,
1171 1955 1237 1997 ver·

128 2032 230 2082 santur
252 2021 281 2079 in
305 2037 340 2078 eo
362 2035 482 2095 genere,
507 2020 541 2080 ad
558 2020 635 2097 quod
659 2031 703 2079 est
725 2018 893 2080 adhibenda
909 2023 984 2081 aetio
1007 2021 1160 2099 quaedam,
1177 2039 1237 2081 non

127 2103 223 2165 solum
246 2105 354 2164 mentis
377 2105 506 2181 agitatio.
551 2103 602 2163 His
625 2106 701 2165 enim
718 2103 815 2171 rebus,
839 2121 914 2182 quae
929 2111 1094 2166 tractantur
1116 2106 1146 2165 in
1168 2108 1236 2172 rita,

127 2189 248 2249 modum
272 2187 418 2269 quendam
448 2198 477 2249 et
499 2188 632 2249 ordinem
656 2186 844 2259 adhibentes,
877 2187 1063 2252 honestatem
1089 2188 1122 2250 'et
1148 2190 1238 2250 decus

126 2273 377 2336 conservabimus.

127 2573 277 2642 prudentia
295 2571 441 2644 φρόνησις,
460 2575 567 2628 iustitie
585 2571 764 2642 δικαιοσύνη,
782 2575 917 2628 fortitudo
936 2568 1065 2642 iricolor,
1084 2584 1238 2646 temperan-

129 2643 170 2695 tia
188 2639 366 2710 omqqoorirq.
386 2671 419 2680 —-
438 2661 531 2695 rerum
549 2651 636 2695 contr.
652 2645 726 2710 fides
745 2645 792 2696 das
810 2643 913 2695 Halten
930 2645 979 2696 der
996 2645 1137 2712 Vertrige,
1156 2646 1238 2712 abge·

128 2709 299 2764 soblossenen
320 2710 476 2775 Gesobiiste,
494 2711 549 2777 vgl.
571 2728 594 2765 c.
614 2716 640 2776 2,
658 2717 681 2764 3.

109 2805 110 2808 ’
194 2799 220 2874 3
238 2795 390 2875 implicato,
408 2795 528 2847 seltener
546 2794 678 2864 implicita
689 2795 739 2875 ‘bei
757 2794 868 2862 Cicero,
888 2796 937 2847 der
954 2796 1025 2849 auch
1044 2813 1097 2849 nur
1115 2815 1163 2878 ep·
1184 2797 1238 2849 und

127 2861 401 2996 {didiscistis
413 2862 1073 2998 33.thitiitttltstmfttt'attatei
1089 2864 1238 2984 batt

130 2997 350 3050 Zwischensatre
367 2999 448 3052 ineat.
470 2997 530 3065 Vgl.
550 2997 593 3050 die
612 2999 691 3050 Auru.
710 3014 744 3049 zu
764 3014 786 3049 o.
805 3003 829 3062 3,
849 3003 865 3050 6
883 3007 943 3062 ont,
969 2998 1025 3050 und
1043 2998 1091 3050 des
1110 2998 1168 3050 hier
1185 2999 1238 3052 lol-

128 3063 215 3132 gende
238 3073 270 3116 nt
294 3067 410 3132 quisque
429 3108 434 3120 .
452 3105 458 3116 .
476 3066 511 3130 ie,
529 3084 572 3118 wo
595 3066 643 3118 der
666 3065 933 3119 Demonstrativsatz
956 3068 1007 3118 aui
1020 3066 1068 3119 das
1087 3066 1238 3118 urvischen·

130 3137 251 3198 gesetzte
269 3131 369 3200 quique
389 3135 428 3197 (et
446 3133 503 3201 qui)
521 3134 641 3200 beregen
660 3132 707 3197 ist,
725 3141 795 3185 statt
813 3136 865 3186 auf
881 3142 913 3186 ut
930 3133 1058 3203 quisque;
1079 3133 1131 3201 vgl.
1154 3140 1193 3198 15,
1214 3140 1237 3190 1.

127 3226 161 3236 -—
178 3199 342 3251 monue‘die
360 3200 555 3267 Verrichtung‚
573 3200 714 3267 Leistung.
733 3230 766 3239 -
778 3203 831 3253 rite
843 3202 1008 3254 Nebensorm
1026 3219 1082 3254 von
1100 3202 1156 3253 ritu
1176 3202 1239 3270 (wie

130 3275 210 3318 noete
228 3267 285 3319 und
304 3265 398 3335 noctu)
410 3292 444 3312 =
456 3269 528 3321 iusto
543 3286 626 3334 ruore,
645 3268 716 3333 iure,
734 3275 817 3321 recte.
830 3299 864 3308 -
875 3271 998 3322 subiecto
1011 3277 1062 3334 eet,
1081 3268 1126 3322 die
1137 3269 1238 3323 Wabr·

128 3333 187 3385 heit
199 3333 254 3385 und
266 3334 458 3388 Wirlrlicbkeit
469 3335 506 3387 ist
517 3335 560 3387 ihr
574 3335 612 3388 als
625 3336 701 3388 stoff
713 3337 894 3405 untergelegt,
908 3336 947 3389 als
960 3337 1109 3404 Ueterloge
1126 3337 1174 3389 der
1187 3338 1239 3390 Be·

128 3399 269 3469 handluug
281 3403 337 3454 und
350 3403 569 3471 Bescbi'ftigung
585 3406 729 3469 (versetur)
742 3405 871 3471 gegeben.
897 3407 934 3457 So
953 3404 1010 3458 cre.
1030 3405 1129 3457 defin.
1150 3407 1189 3470 ΙΙ,
1208 3411 1241 3457 14

129 3485 185 3521 non
203 3469 370 3538 intelligere,
387 3471 438 3523 sub
456 3471 507 3523 bac
524 3489 590 3523 voce
609 3471 786 3524 humanitatis
824 3490 874 3525 uae
892 3472 928 3525 sit
944 3472 1112 3525 subiicienda
1129 3483 1239 3525 senten·

128 3536 169 3588 tia
192 3538 262 3602 (was
287 3547 368 3590 nnter
386 3539 460 3593 hum.
489 3556 523 3591 zu
540 3540 684 3591 versteben
712 3540 771 3608 aei).
829 3557 862 3592 on
891 3540 979 3592 dieser
1001 3541 1166 3608 Bedeutung
1193 3541 1239 3593 des

128 3602 261 3655 subiicere
280 3605 328 3658 bet
345 3605 392 3658 des
408 3606 617 3673 grammatisehe
634 3608 749 3674 subject
766 3607 840 3660 seine
859 3609 1039 3676 Benennung.

196 3691 221 3738 ὁ.
242 3688 366 3754 Reliquis
385 3698 485 3742 autern.
514 3690 666 3744 Eiulacher
688 3692 787 3745 drickt
805 3693 902 3744 Cicero
925 3692 968 3743 die
986 3694 1075 3745 Sacbe
1098 3711 1148 3746 aus
1165 3702 1238 3763 part.

128 3773 168 3807 or.
187 3759 229 3817 22,
248 3759 293 3807 76:
317 3755 369 3807 Est
386 3756 427 3808 ris
443 3756 556 3811 virtutis
575 3758 690 3828 duplex:
711 3769 761 3812 aut
777 3761 847 3812 enirn
866 3759 981 3812 scientia
1000 3762 1123 3814 cernitur
1141 3761 1240 3828 virtue,

128 3829 178 3875 aut
195 3821 311 3875 actione.
325 3851 358 3859 -
371 3826 494 3877 necessit.
515 3842 595 3892 prop.
615 3835 692 3891 eunt,
710 3828 793 3879 ibnen
806 3826 869 3879 sind
880 3826 1077 3894 Niitbigungen
1092 3830 1240 3896 aulerlegt,

130 3889 460 3947 abducendosque
478 3893 610 3957 gegeben.
624 3923 657 3930 -
669 3902 752 3945 ut-
770 3903 895 3946 cernetur
917 3894 982 3961 geht
999 3897 1049 3947 auf
1064 3896 1107 3948 die
1124 3896 1240 3961 iustitia,

129 3957 177 4010 das
196 3958 321 4024 folgende
340 3959 390 4010 aul
404 3958 448 4009 die
465 3958 618 4020 fortitud03
639 3964 706 4012 ordo
723 3969 776 4017 ete.
795 3962 847 4013 auf
861 3962 905 4014 die
923 3965 1113 4031 temperantia.

195 4030 220 4078 6.
242 4027 316 4078 Ordo
328 4025 365 4079 ist
377 4026 435 4078 hier
447 4026 673 4094 Ordnungssinn;
693 4028 748 4095 vgl.
763 4028 900 4095 111,aa,e
914 4031 1056 4083 aerarium.
1070 4062 1103 4069 —
1116 4033 1188 4084 aetio
1206 4060 1240 4069 -

128 4094 247 4158 agitatio
271 4093 315 4144 ein
338 4094 513 4147 iusserliches
532 4094 672 4159 Handelu,
701 4097 778 4149 nicht
799 4098 887 4151 blosse
909 4098 1059 4166 geistige
1077 4099 1239 4166 Thitigkeit

129 4160 324 4281 Egl.sc:t53i,h{
337 4163 409 4292 agtig
433 4180 524 4282 retuso
548 4164 605 4284 ιιᾸιά
617 4164 682 4286 ἰΙΙΙ3
696 4170 718 4229 l,
740 4170 770 4217 11
793 4166 891 4218 ruentis
915 4165 1038 4232 agitatio.
1056 4195 1089 4204 -
1108 4169 1239 4220 honestas

161 4245 174 4279 e
214 4245 223 4278 ι
260 4246 285 4279 rc
325 4246 350 4280 er
409 4249 473 4283 ecus
509 4249 539 4283 er
585 4250 691 4289 osan.

180 4320 233 4362 cro.
247 4321 287 4360 ou
304 4321 368 4362 ore.
382 4325 402 4363 1.
420 4325 440 4364 e.
455 4324 516 4365 eun.
1021 4327 1037 4375 2
