2826 4748
209 311 250 377 96
657 323 705 370 na
729 321 880 370 oramus

172 464 194 529 8
210 466 381 527 Leuctricae
393 462 587 525 calamitatis?
599 462 726 523 Externa
734 460 876 523 libentius
887 463 917 521 iu
930 460 981 522 tali
993 478 1036 531 re,
1049 479 1136 540 quam
1149 459 1324 530 domestica,

176 571 192 619 2
210 550 362 613 recordor.
400 548 619 617 Verumtamen,
640 547 780 626 quamdiu
796 547 953 627 imperium
969 543 1073 624 populi
1087 545 1215 606 Romani
1230 544 1323 606 hene·

209 636 285 696 ficiis
300 632 468 702 tenebatur,
491 650 551 694 non
566 631 699 692 iniuriis:
723 630 800 692 bella
820 640 870 694 aut
885 649 940 710 pro
963 632 1062 700 sociis,
1079 639 1130 690 aut
1145 630 1181 690 de
1197 633 1325 709 imperio

210 719 409 796 gerebantur3
444 719 539 778 exitus
573 725 657 777 erant
689 715 836 777 bellorum
869 724 921 777 aut
943 718 1032 777 mites
1063 723 1114 779 aut
1146 717 1324 786 necessarii;

209 822 324 882 regum,
350 800 537 882 populorum,
562 804 713 862 nationum
736 811 841 879 portus
871 810 935 862 erat
964 810 993 862 et
1015 800 1166 878 refugium
1188 806 1323 877 senatus3

176 901 192 949 3
208 885 260 948 27.
284 889 376 947 nostri
398 895 496 947 autem
511 887 700 965 magistratus
715 887 970 966 imperatoresque
989 903 1023 946 ex
1039 886 1095 946 hac
1110 902 1168 944 una
1183 902 1217 944 re
1232 887 1325 945 maxi-

209 991 288 1033 mam
310 971 428 1033 laudem
452 989 559 1051 capere
582 970 747 1040 studebant,
771 972 796 1030 si
818 972 996 1050 provincias
1020 972 1045 1030 si
1067 969 1162 1029 socios
1177 971 1325 1049 aequitate

174 1069 192 1117 4
210 1067 238 1118 et
260 1057 317 1118 tide
339 1056 551 1117 defendissent.
573 1055 674 1132 ltaque
689 1054 764 1116 illud
778 1057 978 1134 patrocinium
1001 1054 1082 1115 orbis
1097 1062 1195 1114 terrae
1211 1055 1323 1124 verius,

175 1153 296 1222 5quam
319 1143 477 1221 imperium
499 1148 616 1219 poterat
639 1141 795 1201 nominari.
839 1140 957 1201 Sensim
979 1139 1057 1199 hanc
1080 1139 1325 1199 consuetudinem

175 1235 239 1288 tet
267 1226 453 1305 disciplinam
487 1227 545 1285 iam
579 1223 801 1285 miunehamus:
836 1233 902 1304 post
934 1241 1004 1284 vero
1038 1222 1138 1284 Sullae
1171 1224 1324 1284 victoriam

209 1313 328 1389 penitus
351 1312 514 1371 amisimus,
559 1308 692 1369 Desitum
715 1317 760 1369 est
782 1311 863 1370 euim
885 1309 977 1370 rideri
992 1310 1149 1387 quicquam
1172 1309 1203 1368 in
1226 1311 1325 1369 socios

210 1397 353 1474 iniquum,
386 1412 453 1454 cum
477 1394 621 1455 extitisset
642 1395 672 1454 iu
696 1394 774 1455 cives
797 1403 876 1455 tanta
898 1393 1071 1455 crudelitas.
1116 1393 1194 1471 Ergo
1217 1395 1249 1452 in
1272 1391 1324 1453 illo

177 1489 314 1542 tsecuta
342 1485 387 1539 est
414 1479 569 1540 honestam
598 1497 716 1539 causam
745 1496 804 1539 uon
831 1478 957 1540 honesta
988 1479 1121 1539 victoria.
1166 1478 1219 1538 Est
1245 1478 1324 1539 enim

210 1583 298 1626 ausus
321 1565 429 1634 dicere,
453 1563 537 1624 hasta
560 1567 655 1641 posita
671 1581 739 1625 cum
753 1562 831 1623 bona
847 1566 879 1623 in
894 1563 959 1623 loro
974 1563 1117 1623 venderet
1132 1562 1324 1623 othonorum

211 1653 343 1710 virorum
366 1656 396 1709 et
417 1647 608 1726 locupletum,
633 1657 662 1708 et
683 1656 765 1708 certe
788 1648 910 1707 civium:
934 1646 1075 1726 praedam
1094 1665 1126 1706 se
1148 1664 1232 1708 suam
1254 1663 1325 1706 veu-

136 1781 138 1786 .
176 1740 192 1788 8
212 1735 293 1795 dere.
340 1733 464 1793 Secutus
486 1742 540 1803 est,
564 1734 615 1811 qui
637 1735 669 1792 in
691 1750 779 1792 causa
802 1733 902 1810 impia,
926 1732 1048 1793 victoria
1070 1733 1157 1790 etiarn
1182 1730 1324 1800 foediore,

211 1837 270 1878 uon
294 1816 480 1895 singulorum
502 1817 608 1877 clvium
628 1817 705 1876 hona
721 1815 897 1895 publicaret,
922 1816 975 1877 sed
991 1818 1143 1876 universas
1157 1817 1326 1894 provincias

176 1905 408 1982 oregionesque
436 1918 497 1961 uuo
525 1900 697 1962 calamitatis
724 1901 789 1963 iure
813 1900 1091 1981 comprehenderet.
1136 1897 1187 1961 28.
1210 1899 1324 1979 ltaque,

211 1989 322 2048 vexatis
338 2006 372 2048 ac
387 1987 512 2067 perditis
527 1988 638 2049 exteris
653 1985 830 2056 nationibus,
856 1986 890 2047 ad
908 1985 1075 2065 exemplum
1091 1987 1192 2046 amissi
1208 1985 1326 2064 imperii

210 2073 321 2153 portari
352 2075 384 2133 in
417 2071 568 2152 triumpho
596 2071 755 2133 Massiliam
783 2072 924 2140 vidimus,
954 2080 984 2131 et
1007 2089 1042 2131 ex
1066 2089 1099 2131 ea
1124 2069 1196 2131 urhe
1219 2071 1325 2130 trium·

714 2292 784 2340 Knr.
802 2292 826 2340 8.

280 2380 302 2430 1,
326 2375 525 2425 Verumtamen.
555 2371 605 2423 Die
618 2371 805 2438 conjunction
824 2371 925 2424 drirckt
941 2371 993 2423 den
1007 2370 1158 2422 Gednnlreu
1177 2387 1241 2422 ausa
1261 2371 1325 2423 eber

210 2443 280 2493 doch
298 2440 362 2492 sind
380 2441 451 2492 auch
469 2439 521 2491 wir
538 2438 622 2491 selbot
632 2439 676 2490 ein
692 2437 808 2507 Beispiel
825 2439 870 2491 ldr
883 2455 983 2491 unsern
994 2439 1071 2502 Satn,
1090 2438 1151 2490 dass
1163 2437 1224 2489 eine
1237 2438 1325 2490 Herr-

210 2508 303 2561 scholt
325 2507 376 2558 auf
390 2507 473 2558 Liebe
495 2507 578 2559 tester
596 2504 751 2573 gegrsrudet
768 2505 817 2566 lot,
843 2506 882 2558 als
901 2507 952 2559 auf
968 2506 1085 2567 Furcht3
1113 2505 1168 2573 vgl.
1187 2523 1209 2558 c.
1231 2510 1272 2572 19,
1291 2512 1324 2558 10

210 2576 265 2628 Sed
283 2583 383 2628 tamen.
395 2603 428 2612 —
441 2576 671 2638 commentarii,
690 2591 769 2625 wenn
786 2573 824 2626 sie
843 2573 920 2626 nicht
938 2573 1019 2626 milde
1037 2591 1141 2639 waren,
1158 2591 1188 2626 so
1207 2590 1264 2626 war
1282 2573 1326 2625 die

209 2643 296 2694 Hirte
313 2641 569 2708 Nothwendiglreit,
587 2642 641 2708 vgl.
660 2641 683 2705 Ι,
703 2647 746 2705 11,
757 2646 781 2693 4.
793 2669 826 2680 -
842 2644 1019 2711 populorum,
1038 2644 1200 2706 notionum
1220 2648 1324 2694 erstere

209 2710 253 2830 acin
267 2709 432 2828 politiscllre?
452 2709 566 2762 letntere
578 2709 622 2761 ein
636 2709 723 2762 durch
735 2710 858 2778 Sprache
872 2710 926 2762 und
941 2710 1140 2777 Abstammung
1152 2710 1324 2761 verwandtes

239 2784 391 2844 arize,vg.
427 2783 495 2852 ,117,
514 2783 538 2831 1.

277 2885 301 2933 3.
323 2887 425 2945 autem,
447 2878 501 2945 agl.
527 2884 552 2945 1,
569 2884 644 2944 28‚a
670 2897 696 2931 u.
718 2885 804 2931 unten
826 2882 851 2943 S.
871 2883 902 2930 12
921 2879 991 2931 alter
1008 2885 1111 2932 eutem.
1130 2908 1163 2916 -
1182 2880 1324 2946 aequitate

210 2957 236 3000 et
246 2950 306 3015 fide
325 2947 416 2999 Ablat.
436 2946 485 2999 der
505 2948 557 3000 Art
575 2946 631 2999 und
649 2945 739 2999 Weise
756 2946 826 2999 ohne
840 2947 976 3014 Adjeotiv,
989 2946 1043 3013 vgl.
1058 2964 1082 3002 c.
1097 2951 1138 3012 12,
1151 2952 1180 3008 73
1199 2946 1324 3014 dagegeu

210 3020 236 3081 §.
257 3020 288 3068 17
306 3032 367 3067 cum
386 3015 412 3070 lt.
430 3024 458 3066 et
475 3015 495 3065 f.
513 3016 752 3082 —patrocinium
770 3014 814 3066 ein
833 3014 979 3081 Patrouct,
997 3014 1053 3080 vgl.
1072 3015 1097 3078 Ι,
1112 3020 1151 3074 11,
1164 3019 1189 3068 8.
1209 3043 1241 3051 -
1259 3032 1323 3066 vero

209 3082 360 3150 steigernd,
380 3082 434 3148 vgl.
453 3083 475 3145 I,
495 3087 536 3146 34,
555 3087 580 3137 5.
599 3100 623 3134 u.
642 3082 679 3148 Il,
698 3088 724 3148 3,
742 3085 783 3134 15.

277 3187 302 3234 6.
321 3183 449 3235 Deultum
467 3192 507 3235 cst
526 3183 577 3235 wie
594 3191 721 3251 coeptum
738 3191 780 3236 est
802 3183 871 3236 beim
889 3183 973 3239 Inliu.
990 3185 1067 3237 Paeo.
1087 3213 1120 3222 -
1138 3185 1168 3235 in
1186 3185 1235 3234 illo
1252 3182 1324 3234 belm

210 3250 298 3303 Sulla.
316 3279 350 3287 -
367 3253 511 3303 honestam
529 3270 566 3310 c‚‚·
584 3251 628 3302 die
645 3251 734 3303 Socho
751 3251 799 3303 der
818 3251 1002 3305 Aristokrutie
1026 3270 1084 3304 war
1101 3251 1147 3303 hir
1165 3251 1262 3303 Cicero
1281 3250 1324 3301 die

209 3318 400 3370 ehrenwerthe
427 3317 483 3370 und
509 3317 645 3385 gerechte.
665 3348 696 3356 —
716 3322 799 3371 husto
822 3320 929 3386 posito,-
958 3320 1001 3370 die
1029 3319 1123 3371 Lenze
1149 3318 1188 3369 als
1215 3316 1324 3369 frdhere

209 3385 389 3453 Hauptwaffe
411 3385 460 3438 der
481 3385 581 3439 Romer
605 3385 704 3455 (primo
728 3386 797 3438 ecies
819 3387 922 3440 hastati
944 3386 1005 3438 Liv.
1023 3386 1099 3446 VIII,
1117 3386 1158 3450 8),
1182 3402 1218 3437 en
1239 3385 1323 3437 deren

208 3453 296 3507 Stelle
319 3453 438 3506 nachher
460 3454 508 3506 das
534 3454 619 3520 pilum
642 3462 713 3516 trat,
738 3453 814 3507 hatte
832 3454 899 3505 viele
915 3453 1096 3522 symbolische
1114 3453 1323 3519 Bedeutungen,

210 3522 376 3574 nomentlich
388 3521 460 3575 auch
471 3522 514 3573 die
526 3521 575 3575 der
587 3521 755 3573 rechtliohen
767 3521 996 3589 Versteigerung5
1012 3521 1097 3573 doher
1107 3520 1147 3574 sie
1157 3521 1202 3573 bei
1213 3521 1324 3573 solchen

210 3590 370 3656 autgestellt
389 3590 491 3642 wurde.
509 3619 542 3628 —
560 3593 693 3642 donorum
711 3591 843 3643 uirorum.
862 3591 927 3642 aber
946 3590 1023 3641 nicht
1039 3589 1068 3641 in
1087 3589 1146 3643 dem
1159 3588 1254 3655 Sinne,
1272 3588 1324 3640 wie

210 3675 232 3710 c.
251 3659 275 3722 I,
293 3664 316 3710 3.
336 3687 368 3696 -
387 3660 448 3710 loc'u
470 3660 553 3710 letum
570 3657 689 3711 eeltnere
706 3658 789 3711 Form
813 3657 860 3710 ffir
878 3657 1064 3726 locupletium.
1083 3686 1116 3695 -
1135 3666 1161 3710 et
1178 3665 1250 3710 certe
1268 3656 1324 3708 und

210 3742 291 3776 wenn
311 3725 382 3778 auch
401 3677 490 3778 waler
506 3726 599 3792 breve,
619 3725 688 3778 noch
701 3725 792 3777 reiche
803 3725 899 3790 Leute,
912 3725 982 3779 doch
998 3725 1186 3794 jedenfolle
1205 3724 1322 3792 Burger.

278 3813 302 3865 8.
321 3813 437 3864 Secutus
456 3818 509 3872 est,
533 3812 595 3878 qui,
620 3811 730 3863 Caesar.
750 3839 782 3848 -
800 3811 900 3878 impio,
921 3809 983 3862 weil
1002 3827 1046 3878 er,
1064 3811 1110 3862 ein
1130 3808 1266 3890 optinum,
1285 3807 1324 3859 ala

210 3875 318 3928 uthrer
344 3879 392 3931 der
410 3877 584 3959 Vollrspartei
611 3879 729 3941 anstrat,
757 3877 813 3930 also
835 3877 879 3929 die
897 3878 990 3931 Piettt
1013 3894 1099 3946 gegen
1121 3892 1216 3929 semen
1235 3874 1325 3927 Stund

210 3943 349 3998 verletzte.
374 3975 406 3984 -
428 3949 537 4012 foedcor
564 3946 603 3998 als
626 3946 717 4010 Sulla,
739 3945 862 3999 insolern
886 3964 916 3999 er
933 3946 982 3999 das
999 3963 1087 4013 ganne
1105 3943 1190 3996 Reich
1208 3942 1272 3995 tras.
1291 3970 1325 3980 -

209 4030 267 4065 uno
290 4016 341 4066 col.
354 4015 415 4066 iure
426 4037 460 4057 =
472 4014 566 4067 eodem
578 4014 733 4067 calamitoso
751 4014 821 4080 iure,
838 4013 867 4066 in
879 4014 1023 4067 denselben
1036 4013 1166 4066 heilloeen
1185 4010 1325 4076 (Rechts-l

211 4081 336 4134 Zustand
353 4082 473 4134 strirzen.

277 4154 303 4202 9.
322 4151 422 4202 exteris
445 4157 519 4230 nul„
539 4149 659 4230 'Gallica
683 4150 831 4232 Griechep,
849 4154 1004 4230 Aegypta,
1029 4147 1141 4200 Asiaten
1164 4148 1325 4227 0202-1301

210 4217 422 4355 titillat
436 4216 1020 4340 ‘thltttllttttlttttn'wttt'ttn
1033 4214 1325 4352 ‘lttlhtltttt'l
