2826 4748
471 326 539 372 um.
563 327 586 373 1.
631 325 706 373 car.
729 326 776 373 ur.
801 327 835 371 x.
1198 308 1239 373 23

131 463 232 544 pediti.
256 483 329 544 quos
352 467 430 526 tueri
453 464 571 534 dehent,
596 463 747 526 deserunt.
784 464 886 543 Itaque
909 481 959 525 eos
980 481 1019 524 ne
1041 462 1076 524 ad
1098 482 1162 524 rem
1184 482 1239 543 pu-

132 549 237 611 blicam
261 567 433 611 accessuros
454 549 574 630 quidem
602 557 700 630 putat,
729 550 788 610 nisi
816 556 942 610 coactor.
988 551 1118 628 Aequius
1140 555 1237 609 autem

131 641 201 703 erat,
224 634 255 694 id
278 633 427 695 voluntate
449 636 524 696 deri.
569 633 642 695 Nam
664 635 721 694 hoc
743 636 840 712 ipsum
867 635 908 693 ita
931 635 1041 696 iustum
1064 641 1123 704 est,
1158 633 1237 712 quod

130 727 213 779 recte
235 719 282 788 tit,
306 720 332 779 si
354 727 399 779 est
420 718 628 780 voluntarium.
673 715 723 779 29.
748 719 822 779 Sunt
849 720 952 788 etiam,
986 719 1037 798 qni
1065 725 1114 779 aut
1142 717 1273 779 studi05

130 806 175 864 rei
191 801 345 864 familiaris
359 803 497 873 tuendae,
520 810 570 864 aut
584 804 651 864 odio
672 802 799 882 quodam
823 803 986 871 hominum,
1010 820 1096 862 suum
1111 821 1143 863 se
1165 819 1237 880 neg-

129 891 225 948 otium
259 904 347 965 agere
376 887 487 958 dicant,
521 907 559 949 ne
591 888 690 949 lacere
723 891 860 966 cuiquam
893 886 1048 948 rideantur
1082 889 1237 948 iniuriam:

131 975 184 1052 qui
206 970 299 1032 altero
322 989 431 1049 genere
452 973 614 1034 iniustitiae
629 980 742 1043 racant,
766 974 796 1031 in
820 971 943 1031 alterum
959 973 1130 1041 incurrunt;
1154 971 1238 1032 dese·

129 1063 201 1117 runt
224 1058 301 1116 enim
324 1059 400 1117 vitae
422 1059 602 1127 societatem,
626 1059 694 1135 quia
717 1055 790 1117 nihil
812 1057 970 1117 conferunt
996 1058 1027 1116 in
1050 1074 1114 1116 eam
1137 1056 1237 1126 studii,

129 1139 203 1200 nihil
225 1158 343 1220 operae,
367 1141 441 1203 nihil
463 1140 646 1204 facultatum.

214 1224 337 1296 Quando
361 1227 451 1304 igitur
466 1225 579 1287 duobus
594 1225 755 1304 generibus
770 1225 931 1286 iniustitiae
946 1225 1115 1304 propositis,
1133 1224 1237 1285 adiun·
1255 1235 1271 1282 6

129 1311 227 1370 ximus
249 1328 351 1371 causas
374 1313 527 1390 utriusque
550 1314 683 1389 generis,
717 1327 825 1387 easque
854 1328 902 1370 res
930 1317 998 1369 ante
1022 1310 1237 1380 constituimus,

129 1393 238 1474 quihus
261 1396 371 1455 iustitia
396 1397 611 1457 contineretur:
635 1394 731 1463 facile,
756 1395 832 1474 quod
856 1397 1000 1474 cuiusque
1015 1395 1157 1473 temporis
1173 1395 1237 1454 olli-

127 1482 208 1540 cium
232 1480 280 1549 sit,
302 1481 474 1557 poterimus,
498 1482 555 1541 nisi
569 1489 684 1541 nosmet
699 1482 779 1558 ipsos
802 1478 883 1540 valde
899 1478 1073 1548 amabimus
1096 1479 1238 1540 iudicare.

129 1561 180 1625 30.
204 1563 255 1625 Est
278 1565 355 1623 enim
379 1564 507 1625 dildcilis
528 1583 598 1626 cura
622 1583 723 1626 rerum
751 1563 924 1624 alienarum.
975 1564 1158 1641 Quamquam
1181 1563 1270 1623 Ter

131 1650 286 1709 rentianus
309 1647 359 1709 ille
382 1649 524 1710 Chremes
545 1647 668 1710 humani
691 1647 763 1708 nihil
793 1667 808 1708 a
837 1667 869 1709 se
891 1647 1017 1708 alienum
1041 1655 1133 1726 putat.
1180 1647 1236 1708 Sed

129 1743 227 1793 tamen
256 1735 325 1812 quia
353 1737 445 1811 magis
472 1753 505 1794 ea
533 1736 715 1814 percipimus
743 1741 830 1810 atque
858 1734 1015 1803 sentimus,
1050 1751 1125 1811 quae
1153 1731 1238 1792 nohis

133 1820 207 1896 ipsis
229 1827 280 1879 aut
302 1836 443 1896 prospera
459 1827 510 1879 aut
525 1819 647 1880 adversa
671 1821 818 1887 eveniunt,
843 1837 929 1897 quam
946 1816 1003 1887 illa,
1027 1835 1103 1897 quae
1118 1819 1236 1887 ceteris,

129 1921 205 1981 quae
228 1905 309 1981 quasi
337 1903 425 1980 longo
452 1902 605 1963 intervallo
635 1905 791 1964 interiecto
813 1901 960 1963 videmus:
996 1901 1080 1962 aliter
1109 1901 1145 1961 de
1167 1900 1236 1971 illis,

129 2004 166 2046 ac
189 1986 225 2046 de
248 1985 349 2055 nobis,
373 1987 546 2049 iudicamus.
583 1985 726 2056 Quocirca
750 1986 825 2047 hene
848 1988 1043 2065 praecipiunt,
1066 1987 1117 2065 qui
1138 1993 1271 2046 vetante

126 2072 284 2150 quicquam
309 2088 406 2148 agere,
429 2072 506 2151 quod
530 2071 646 2132 dubites
661 2089 788 2150 aequum
804 2072 850 2140 sit,
874 2089 911 2132 an
926 2072 1069 2148 iniquum.
1099 2073 1237 2149 Aequitas

128 2157 207 2217 enim
223 2154 302 2216 lucet
317 2159 380 2234 ipsa
396 2175 451 2235 per
473 2175 513 2226 se,
530 2155 675 2217 dubitatio
698 2157 907 2233 cogitationem
930 2156 1076 2232 significat
1098 2154 1234 2214 iniuriae.

212 2237 261 2300 31.
288 2241 344 2300 Sed
374 2241 507 2302 incidunt
534 2260 621 2320 saepe
649 2248 797 2318 tempora,
832 2257 969 2306 cumea,
1005 2256 1081 2315 quae
1109 2239 1236 2298 maxime
1248 2237 1288 2300 10

128 2324 263 2386 ridentur
291 2325 378 2402 digua
407 2344 472 2387 esse
496 2329 574 2387 iusto
597 2326 717 2385 homine
740 2343 848 2404 eoque,
884 2342 972 2401 quem
1000 2326 1096 2384 virum
1126 2322 1235 2382 honum

128 2409 261 2479 dicimus,
286 2419 504 2471 commutantur
526 2412 658 2490 fiuntque
682 2411 839 2478 contraria,
864 2416 896 2471 ut
917 2408 1043 2470 reddere
1060 2408 1235 2486 depositum,

126 2573 1236 2710 {iiiiiilittei‘ilttttttn”ta·tlit'tttctlttii‘ttdilicti

598 2683 604 2696 ‘
639 2683 645 2698 ¹
682 2683 689 2708 Ι
736 2683 742 2706 i

127 2710 202 2762 tiber.
240 2709 300 2761 Alle
317 2728 346 2762 eo
364 2710 574 2763 verschiedeuen
587 2711 720 2764 Leearten
739 2727 774 2762 an
793 2709 883 2763 dieser
899 2709 986 2762 Stella
1004 2709 1131 2761 scheinen
1148 2709 1247 2762 daher·

123 2777 303 2842 ⁴entstanden,
314 2777 375 2831 dass
388 2778 432 2830 ein
445 2778 624 2830 Abechreiber
636 2779 694 2831 dem
707 2786 796 2830 ersten
815 2778 930 2830 alterum
940 2776 1084 2829 erklirend
1095 2776 1234 2843 beifrigtez

126 2844 249 2897 iustitiae
272 2860 365 2911 genus.
384 2847 533 2899 -dehent
553 2846 694 2899 Indiketiv
712 2846 761 2897 der
777 2845 932 2910 Irrealitit,
959 2844 1011 2896 wie
1030 2844 1099 2897 auch
1115 2844 1163 2896 das
1182 2843 1236 2896 tol-

125 2913 214 2980 geude
240 2913 357 2979 aequius
384 2921 459 2977 erot3
488 2912 542 2980 vgl.
565 2913 601 2975 ΙΙ,
619 2919 663 2979 11,
689 2917 720 2966 16
739 2912 921 2982 exspectanda
942 2913 1068 2975 fuerunt3
1092 2911 1143 2973 ΙΙΙ,
1165 2915 1188 2976 1,
1208 2917 1234 2964 9.

127 2986 169 3042 10,
189 2985 212 3032 1.
234 2985 274 3045 13,
292 2985 318 3035 8.
335 2985 377 3044 23,
396 2985 420 3033 l.
438 2985 480 3046 25,
498 2987 514 3034 3
533 2981 589 3033 aad
606 2982 628 3040 Ι,
646 2987 689 3047 23,
706 2985 722 3032 6
746 2998 800 3033 non
819 2987 954 3049 putaram.
973 3009 1006 3018 -
1024 2982 1096 3047 quod
1115 2987 1185 3031 recte
1197 2981 1236 3046 fit

126 3048 224 3115 gehdrt
241 3063 276 3099 zu
299 3048 350 3100 hoc
368 3048 454 3117 ipsum
468 3072 501 3092 =
513 3049 579 3101 eben
599 3049 656 3104 des.
668 3078 702 3087 -
714 3050 755 3100 ita
768 3077 800 3086 —
819 3050 843 3100 ei
857 3065 910 3100 nur
927 3047 1060 3110 incolere,
1080 3063 1133 3099 nur
1150 3047 1234 3110 deun,

126 3132 222 3179 wenn;
246 3114 301 3183 vgl.
325 3132 348 3167 c.
367 3121 409 3180 25,
429 3121 459 3170 10
481 3116 522 3169 ita
543 3116 754 3185 probandam,
775 3123 823 3182 ut3
845 3121 871 3181 4,
889 3121 914 3169 3.
934 3119 994 3179 36‚5
1012 3121 1136 3181 tantum,
1156 3131 1234 3183 quae.

125 3183 163 3249 ΙΙ,
183 3187 222 3247 18,
243 3187 282 3237 ta.
300 3187 341 3242 21,
360 3189 384 3240 3.
403 3183 455 3244 ΠΙ,
474 3189 500 3251 3,
517 3189 534 3237 4
552 3201 577 3236 ιι.
596 3189 620 3238 8.
642 3189 681 3247 13,
701 3189 724 3235 1.
743 3213 777 3222 —
800 3202 881 3237 aarum
902 3189 1098 3250 voraugesetzt
1120 3211 1152 3220 -
1172 3199 1234 3233 nur

125 3251 184 3302 ihre
210 3248 309 3317 eigneu
335 3251 488 3304 Gesohifte
512 3280 543 3290 -
566 3253 763 3304 contineretur.
797 3252 888 3304 Ueber
909 3251 958 3303 dae
975 3251 1055 3319 Impf.
1080 3248 1134 3316 agl.
1154 3250 1234 3302 dnm.

125 3336 159 3370 zu
179 3336 202 3370 c.
223 3327 263 3379 43,
284 3322 297 3369 1
316 3317 489 3372 ducerentur.
514 3348 547 3357 —
570 3339 591 3370 o.
611 3321 741 3388 temporie
765 3319 794 3370 in
813 3319 892 3387 jeder
909 3318 999 3385 Lage3
1024 3317 1080 3384 vgl.
1106 3335 1128 3369 c.
1149 3321 1191 3384 10,
1208 3322 1234 3372 3.

123 3391 167 3451 45,
185 3391 215 3439 4:
244 3385 279 3438 im
297 3385 392 3438 Plurel
415 3386 477 3439 eehr
499 3386 669 3453 gewlihnlich
692 3405 714 3438 c.
734 3392 818 3453 10,1.
838 3392 878 3452 13,
899 3391 922 3438 1.
941 3415 973 3424 -
993 3388 1168 3453 Quamquam
1185 3386 1233 3438 des

124 3453 354 3519 Vorhergehende
370 3454 585 3519 beschrilnlrend‚
604 3453 805 3521 berichtigeud,
824 3454 876 3506 wie
895 3453 966 3506 euch
984 3453 1036 3506 wir
1055 3452 1185 3505 obwohl
1200 3476 1234 3496 =

121 3521 332 3589 jedocheageu3
347 3522 399 3588 vgl.
412 3540 435 3574 c.
449 3527 492 3586 22,
510 3527 534 3577 9.
554 3527 594 3586 23,
608 3527 631 3574 6.
650 3527 726 3584 37‚‘2.
745 3523 781 3584 ΙΙ,
794 3527 837 3584 22,
855 3526 882 3574 t.
918 3521 976 3573 auf
995 3520 1038 3573 ein
1063 3519 1167 3573 solches
1186 3537 1233 3588 qu.

124 3589 194 3656 iolgt
211 3587 272 3641 luein
291 3598 392 3655 temen,
412 3589 498 3641 daher
516 3591 585 3642 auch
605 3590 662 3640 hier
679 3589 727 3642 das
742 3590 868 3657 folgeude
882 3595 973 3642 tamen
987 3587 1064 3640 nicht
1075 3586 1127 3638 den
1141 3587 1234 3639 Nach-

125 3666 184 3708 eatz
211 3673 245 3708 aa
269 3672 432 3725 quemquam
459 3656 553 3715 bildet.
571 3685 603 3696 -=
622 3659 748 3710 Chremes
774 3659 810 3710 im
836 3655 1163 3709 Heautontimorumenos
1186 3653 1233 3708 des

124 3722 240 3776 Terenz.
259 3753 291 3762 -
309 3726 426 3777 humani
444 3726 517 3777 nteit
541 3724 629 3777 nichte
648 3743 704 3778 was
721 3725 871 3778 Menechen
889 3725 964 3777 trifft
984 3722 1048 3774 oder
1065 3721 1181 3775 betrifft.
1200 3752 1234 3760 —

124 3794 178 3843 Sed
195 3799 295 3849 tomen.
319 3792 535 3856 Aberdenuoch
556 3810 635 3844 weun
654 3792 705 3845 wir
723 3793 793 3845 auch
811 3791 884 3844 diere
897 3791 1060 3857 Geeiunung
1077 3788 1126 3842 der
1137 3789 1233 3842 Theil-

125 3858 222 3910 uahme
247 3858 293 3917 far
319 3858 383 3911 aller
405 3859 588 3912 Meuechliche
614 3859 711 3929 hegen.
731 3890 763 3898 —
786 3861 926 3928 sipaificat
948 3858 1044 3911 deutet
1061 3875 1110 3924 an3
1132 3857 1170 3910 ist
1188 3857 1233 3910 eiu

125 3926 243 3978 Zeichen
261 3927 307 3979 des
325 3926 522 3980 Bewnsetseine
540 3927 613 3979 eines
628 3927 781 3989 Uurechts3
801 3927 854 3995 vgl.
874 3927 946 3984 Ptin,
966 3944 1008 3996 ep.
1027 3926 1051 3992 Ι,
1071 3930 1110 3979 18.
1131 3925 1232 3978 Tutius

125 3993 193 4045 illud
210 4002 402 4063 praeceptum:
423 3994 504 4058 Quod
522 3993 637 4057 dubitas,
658 4013 691 4047 ne
709 3995 815 4047 seceris.

611 4116 680 4169 Kar,
701 4117 741 4166 10.

192 4219 214 4269 1.
233 4215 324 4266 virum
353 4217 453 4267 honum
479 4214 533 4281 rgl.
554 4231 576 4266 c.
601 4219 626 4279 7,
648 4218 670 4265 1.
691 4243 724 4250 -
750 4222 850 4266 cirron
875 4233 999 4274 cervare;
1029 4213 1073 4266 die
1093 4212 1233 4279 Negatiou

123 4280 191 4332 wird
205 4281 281 4335 nicht
298 4281 347 4335 mit
363 4288 392 4334 et
408 4281 609 4336 verschmolzeu
628 4282 657 4334 in
678 4298 778 4350 neque,
797 4298 877 4334 wenn
895 4281 947 4347 sie,
968 4280 1019 4334 mie
1036 4281 1105 4348 hier,
1122 4280 1173 4332 den
1191 4280 1235 4332 di-
