2826 4748
201 255 263 329 140
644 272 690 319 ux
714 273 863 322 oremus
901 266 904 273 “

199 411 360 490 sequimur,
384 410 473 489 quod,
498 428 676 491 quamquam
700 420 730 472 et
752 432 768 472 a
790 413 939 474 veteribus
955 411 1140 474 Academicis
1157 420 1187 471 et
1202 431 1218 473 a
1234 412 1318 472 Peri·

199 497 336 575 pateticis
357 499 480 561 vestris.
508 496 558 572 qui
586 496 733 574 quondam
763 497 853 558 iidem
876 507 976 566 erant,
1000 515 1077 576 quae
1098 497 1225 557 honesta
1248 504 1320 567 suut

200 587 419 656 anteponuntur
448 581 492 647 iis,
524 597 600 658 quae
622 580 758 641 videntur
782 582 879 654 utilie;
908 591 1006 643 tamen
1037 581 1220 661 splendidius
1243 579 1318 642 baec

200 665 237 725 ab
260 666 303 725 eis
326 664 523 734 disseruntur,
547 664 664 743 quibus,
688 668 869 747 quicquid
892 667 1089 728 honestum
1119 675 1190 735 est,
1221 666 1319 726 idem

200 749 296 810 utile
319 749 446 818 videtur,
463 768 530 810 nec
554 749 649 811 utile
673 753 888 830 quiequam,
906 752 1001 830 quod
1018 750 1320 820 nonbonestum;

200 852 289 914 quam
305 834 341 894 ab
357 834 401 904 iis,
420 833 528 910 quibus
543 843 593 895 aut
607 835 765 896 honestum
781 836 893 915 aliquid
911 855 969 896 non
986 835 1067 905 utile,
1092 845 1142 896 aut
1164 834 1235 896 utile
1259 853 1318 895 uon

150 929 182 978 16
200 919 368 979 honestum.
386 918 479 980 Nobis
501 926 601 980 autem
623 928 723 980 nostra
747 919 901 982 Academia
918 940 1054 998 magnam
1083 918 1233 980 licentiam
1257 920 1317 994 dat,

200 1011 233 1065 ut
269 1004 464 1083 quodcunque
499 1005 623 1064 maxime
660 1004 814 1082 probabile
848 1014 1001 1075 occurrat,
1036 1005 1066 1064 id
1108 1015 1211 1066 nostro
1253 1006 1321 1064 iure

198 1090 288 1148 liceat
310 1087 483 1148 defendero.¹
527 1088 583 1148 Sed
606 1089 697 1149 redeo
719 1089 755 1149 ad
778 1091 945 1150 formulam.

163 1172 185 1237 5
283 1169 334 1232 21.
358 1173 520 1233 Detrahere
543 1174 635 1251 igitur
656 1174 740 1234 alteri
763 1172 882 1254 aliquid,
906 1184 936 1235 et
956 1175 1106 1235 hominem
1123 1173 1250 1234 hominis
1272 1176 1319 1233 in·

202 1257 358 1318 commodo
385 1275 472 1317 suum
501 1275 612 1335 augere
634 1260 832 1330 commodum,
853 1261 956 1337 ⁴magis
978 1268 1023 1320 est
1046 1266 1149 1320 corrtra
1171 1268 1317 1327 naturam,

201 1361 289 1422 quam
317 1359 415 1408 mors,
443 1361 530 1421 quam
559 1351 734 1420 paupertas,
763 1363 850 1424 quam
875 1345 972 1412 dolor,
997 1363 1087 1424 quam
1109 1352 1220 1411 cetera,
1244 1361 1320 1422 quae

168 1441 183 1487 a
202 1434 327 1506 possunt
349 1435 399 1486 aut
414 1429 534 1504 corpori
549 1428 683 1489 accidere
706 1437 758 1489 aut
779 1428 870 1490 rebus
893 1432 1035 1490 externis.
1072 1428 1145 1489 Nam
1167 1429 1320 1506 principio

203 1510 279 1572 tollit
307 1512 474 1572 convictum
501 1512 662 1573 humanum
691 1522 721 1573 et
746 1515 925 1576 societatem.
970 1513 1003 1574 Si
1026 1517 1106 1574 errlm
1129 1515 1172 1573 sie
1194 1515 1318 1580 erimus,

202 1597 307 1666 allecti,
331 1605 365 1656 ut
386 1603 508 1675 propter
530 1615 617 1658 suum
637 1600 763 1676 quisque
779 1599 1012 1659 emolumentum
1029 1597 1134 1675 spoliet
1157 1605 1207 1657 aut
1230 1597 1318 1656 violet

203 1681 344 1742 alterum:
369 1681 499 1759 dirumpi
521 1699 643 1742 necesse
667 1690 710 1741 est
732 1699 812 1750 eam,
836 1700 912 1760 quae
936 1685 1061 1743 maxime
1085 1693 1131 1742 est
1153 1681 1318 1740 secundum

169 1779 184 1826 3
204 1776 349 1832 naturam,
373 1765 494 1825 humani
516 1768 637 1843 generis
660 1767 841 1826 societatem.
888 1764 940 1827 22.
965 1767 1012 1835 Ut,
1036 1769 1060 1826 si
1085 1766 1317 1844 unumquodque

203 1849 371 1913 membrum
399 1867 519 1912 sensum
542 1846 621 1911 hunc
643 1850 782 1920 baberet,
805 1860 837 1912 ut
859 1869 945 1931 posse
968 1859 1088 1930 potaret
1110 1870 1142 1911 se
1166 1849 1271 1918 valere.
1294 1853 1321 1910 si

203 1937 332 2016 proximi
364 1934 492 1995 membri
525 1934 721 1996 valetudinem
755 1940 791 1996 ad
825 1955 856 1996 se
889 1936 1076 2006 traduxisset,
1112 1933 1261 1995 debilitari
1291 1943 1321 1994 et

203 2021 327 2081 interire
343 2026 435 2079 totum
452 2036 562 2097 corpus
579 2038 702 2081 necesse
718 2027 810 2081 esset:
834 2023 877 2081 sic
899 2023 923 2080 si
940 2040 1016 2081 uuus
1038 2022 1163 2100 quisque
1185 2027 1320 2080 nostrum

205 2290 240 2325 zu
258 2272 400 2336 bezieheu,
419 2269 473 2338 vgl.
493 2272 515 2335 I,
535 2288 558 2324 c.
579 2275 606 2334 2,
625 2275 664 2323 10.
681 2299 715 2309 -
734 2272 816 2322 iidem
833 2279 929 2330 eraut;
948 2270 1002 2337 vgl.
1021 2270 1043 2330 I,
1058 2288 1080 2322 e.
1096 2277 1118 2333 1,
1134 2275 1158 2322 3.
1180 2287 1323 2336 -quem-

205 2360 289 2410 quam
302 2370 332 2378 -
347 2346 574 2407 ammonentem
597 2337 655 2389 dies
679 2337 773 2389 theton
797 2337 869 2389 diere
892 2337 989 2389 beiden
1008 2337 1128 2390 Schulen
1147 2354 1222 2388 zwar
1241 2337 1324 2402 euch,

206 2410 270 2462 eber
287 2425 341 2460 vou
360 2407 412 2458 den
430 2405 561 2459 Stoilrern
579 2405 694 2472 geschab
717 2422 746 2456 es
770 2405 819 2456 mit
835 2405 911 2457 einer
934 2405 1009 2458 mehr
1026 2406 1069 2457 ins
1089 2407 1166 2472 Auge
1183 2403 1322 2457 fallenden

205 2474 397 2545 (splendidius)
418 2473 473 2524 und
491 2471 587 2525 darum
611 2472 795 2524 treffenderen
815 2473 1010 2541 Consequens,
1034 2473 1096 2524 weil
1118 2473 1157 2525 sie
1175 2489 1229 2525 von
1247 2472 1324 2523 einer

205 2546 322 2596 festeren
341 2542 428 2593 Norm
456 2540 618 2606 ausgingen.
649 2571 682 2578 -
710 2541 824 2601 vestrim
850 2540 904 2608 vgl.
928 2558 951 2591 e.
970 2546 995 2605 3,
1015 2546 1038 2592 2.
1059 2571 1091 2579 -
1113 2559 1196 2609 poam
1215 2543 1249 2592 ob
1268 2541 1321 2604 iis,

207 2608 375 2664 Academicis
394 2616 422 2660 et
439 2607 642 2676 Peripateticis.

276 2685 316 2731 16.
335 2685 434 2729 nostra
452 2677 538 2728 Aead.
557 2675 600 2727 die
619 2693 719 2727 neuere
738 2675 899 2739 Akademie;
918 2694 939 2726 s.
958 2675 1063 2742 Einltg.
1076 2678 1106 2728 8.
1121 2681 1145 2728 ὁ.
1159 2705 1192 2713 -
1204 2675 1324 2726 maxime

205 2748 362 2817 probabile:
380 2745 435 2810 vgl.
454 2744 493 2807 II,
511 2761 534 2798 c.
553 2749 580 2808 2,
598 2747 623 2806 S.
644 2748 750 2796 11-15.
765 2773 793 2781 -
812 2752 942 2796 occurrat
953 2744 1011 2795 sicb
1023 2742 1167 2796 derbietet.
1179 2750 1321 2793 -noetro

208 2819 269 2868 iure
295 2816 377 2866 liceat
403 2812 447 2864 eiu
465 2812 660 2875 Pleonesmus,
686 2811 735 2863 der
762 2811 803 2863 bei
830 2810 895 2863 licet
918 2811 995 2862 nieht
1012 2811 1099 2864 selten
1119 2812 1164 2876 ist,
1185 2811 1235 2861 wie
1254 2810 1322 2862 oben

207 2891 231 2946 ,ιὶ
252 2888 281 2935 11
301 2881 461 2950 plerumque
479 2879 574 2958 soleat,
593 2879 648 2946 vgl.
667 2879 691 2941 l,
709 2884 751 2942 22,
772 2885 796 2932 1.

707 3067 776 3115 Ksr.
795 3069 819 3118 5.

277 3160 299 3204 1.
318 3153 415 3207 alteri:
433 3151 487 3217 vgl.
502 3150 567 3214 lI‚c
589 3154 615 3212 6,
633 3154 660 3201 11
683 3149 738 3201 und
760 3157 846 3200 uutcu
864 3153 888 3213 §.
902 3154 925 3201 5.
944 3178 977 3186 —
995 3151 1118 3201 homines
1137 3149 1256 3202 bominis
1269 3148 1324 3203 ιἰιι.

208 3223 252 3275 ein
265 3219 379 3272 Menscb
398 3236 460 3270 zum
472 3217 608 3280 Sebedem
627 3217 677 3268 auf
692 3216 797 3271 Kosten
814 3215 862 3269 des
881 3216 1022 3280 endern3
1046 3217 1100 3283 egl.
1119 3216 1158 3280 ll,
1169 3220 1194 3278 6,
1213 3220 1237 3268 8.
1257 3214 1322 3266 Meu

208 3289 344 3351 bernerlxe,
365 3287 427 3339 dass
452 3296 544 3337 zuerst
561 3285 602 3336 bei
625 3285 767 3337 detrahere
785 3285 848 3336 lxein
866 3285 981 3351 subject
998 3285 1086 3345 stebt3
1112 3300 1205 3350 stegen
1224 3281 1269 3333 des
1288 3298 1322 3332 zu

208 3354 378 3409 incommodo
393 3352 660 3420 nithigen'Genitivs
674 3353 788 3406 bominis
802 3352 867 3404 eber
878 3351 926 3404 das
938 3352 1055 3417 subject
1073 3353 1151 3403 bomo
1171 3367 1204 3401 zu
1223 3365 1326 3416 eogere

210 3423 305 3490 mithig
324 3422 427 3486 warde,
446 3421 501 3474 und
520 3438 595 3472 zwar
613 3421 713 3487 gerade
732 3438 776 3472 um
795 3421 880 3471 neben
899 3420 1015 3471 bominis
1034 3436 1067 3470 zu
1086 3419 1190 3473 steben.

276 3497 300 3543 2.
319 3491 459 3559 principio
479 3488 555 3569 nient
569 3512 603 3568 =⁸
621 3488 752 3568 primum,
775 3487 826 3538 wie
849 3487 950 3553 lliuige
974 3487 1100 3568 erkldren
1125 3485 1181 3537 und
1199 3484 1277 3537 tlreils
1294 3484 1324 3537 in

209 3577 304 3680 lssdll
317 3555 908 3692 trittaitllttllt‘llal..blla
923 3554 1325 3689 itit..l³.¹tl.⁸ltltlx.tl

209 3713 278 3748 voru
297 3695 400 3754 berein,
420 3694 472 3746 wie
489 3710 516 3746 es
534 3691 577 3744 die
590 3692 681 3744 Netor
698 3692 746 3743 der
763 3691 852 3744 Saclre
870 3707 923 3742 von
941 3690 1026 3742 selbot
1044 3690 1164 3756 ergiebtr
1184 3690 1239 3756 vgl.
1258 3689 1280 3752 1,
1299 3705 1321 3739 c.

209 3770 233 3822 4,
254 3768 276 3815 1.
294 3790 328 3798 -
346 3763 419 3813 tollit
436 3778 467 3813 es
486 3761 551 3813 bebt
572 3760 634 3825 eus,
656 3759 700 3811 die
722 3776 810 3826 genae
832 3758 930 3811 vorher
950 3758 1124 3825 angegebeue
1147 3757 1326 3822 Heudlungs-

210 3830 304 3889 weise3
324 3829 388 3881 oder
405 3847 453 3893 er,
473 3829 498 3880 d.
518 3830 543 3882 b.
561 3827 608 3879 der
626 3846 656 3881 so
674 3826 842 3888 bandelnde3
866 3826 961 3893 vgl.1.·
982 3843 1005 3878 c.
1025 3832 1068 3889 29,
1088 3832 1160 3880 1.-
1184 3827 1276 3890 offecti
1292 3846 1327 3866 =

210 3914 361 3966 gesouneo,
378 3897 431 3962 vgl.
451 3897 473 3960 I,
492 3902 532 3960 23,
554 3903 567 3948 l
587 3914 613 3949 ιι.
635 3895 746 3948 affectio
765 3912 787 3945 e.
808 3899 832 3962 6,
852 3899 876 3947 9.
895 3925 927 3934 -
946 3911 996 3948 sec.
1016 3902 1093 3954 παις
1111 3892 1165 3959 vgl.
1184 3909 1207 3946 c.
1225 3897 1249 3944 3.
1267 3895 1290 3942 7.

279 3972 304 4018 3.
324 3966 348 4015 si
366 3982 477 4016 sensum
495 3966 520 4016 Ιι.
541 3966 568 4016 t.
588 3972 621 4016 ut
637 3972 696 4030 put.
720 3962 942 4032 phraseologisob
969 3961 1035 4028 (egl.
1058 3961 1081 4027 Ι,
1105 3965 1148 4023 28,
1170 3961 1211 4024 A.)
1235 3958 1281 4009 fier
1301 3956 1327 4009 si

211 4063 244 4072 -
261 4040 388 4103 putoret;
413 4049 523 4084 sensum
547 4033 610 4083 tat.
632 4031 676 4083 die
695 4031 859 4096 Gesinnung
884 4030 979 4083 baben.
1006 4057 1038 4066 -
1061 4028 1248 4079 ualetudinem
1267 4025 1327 4076 bier

211 4103 259 4154 des
278 4099 522 4160 Woblbefinden3
546 4098 575 4151 in
594 4099 698 4151 andern
717 4098 932 4164 Verbindougen
952 4095 1104 4149 mencbmal
1127 4094 1175 4146 des
1194 4093 1325 4146 Uebelbe·

211 4169 319 4232 finden,
339 4168 391 4220 wie
403 4168 523 4232 fortune,
544 4173 689 4234 tempestae
703 4168 764 4218 eine
776 4176 826 4217 vox
842 4165 969 4232 ambigua
982 4163 1048 4216 oder
1060 4161 1156 4215 media.
1172 4191 1205 4200 -
1217 4163 1314 4229 rapiat
1319 4181 1330 4221 ;

211 4238 311 4290 vorber
333 4235 443 4304 Imperf.
470 4234 550 4302 Couj.
577 4252 680 4287 warum
704 4237 774 4300 jetzt
790 4233 974 4286 Praesentia?
992 4231 1046 4298 vgl.
1066 4247 1088 4282 c.
1107 4235 1134 4296 9,
1150 4235 1175 4282 4.
1195 4258 1228 4267 ·-
1246 4247 1331 4281 usum
