2826 4748
204 297 246 362 66
651 280 700 360 nu
723 313 873 364 currens

194 454 286 532 poris
296 470 369 513 usus
383 459 453 513 sunt
468 453 637 521 necessarii,
654 469 704 512 eas
721 471 816 531 neque
832 462 933 532 partes
947 472 1044 534 neque
1061 472 1163 515 earum
1181 472 1251 515 usus
1261 458 1325 516 suis

205 536 375 598 nominibus
395 535 558 617 appellant:
575 536 714 617 quodque
730 537 830 597 lacere
846 546 933 616 turpe
949 549 1078 607 nonest,
1094 539 1182 600 modo
1198 540 1323 616 occulte,

171 637 187 686 5
205 623 234 683 id
258 621 358 682 dicere
380 620 561 682 obscoenum
584 631 637 681 est.
676 621 781 701 ltaque
802 639 858 684 nec
874 631 976 702 aperta
992 625 1071 684 actio
1086 642 1187 684 rerum
1203 623 1323 685 illarum

171 706 368 787 speculantia
406 714 503 774 vacat,
538 724 594 767 nec
627 708 771 766 orationis
808 704 1002 768 obscoenitas.
1022 703 1127 777 [128.
1158 707 1220 768 Nec
1253 726 1324 769 vero

206 791 347 851 audiendi
373 799 443 851 sunt
471 790 589 870 Cynici,
619 799 670 850 aut
698 792 723 849 si
752 792 803 867 qui
832 792 956 851 luerunt
977 792 1069 853 Stoici
1092 810 1186 870 paene
1211 792 1322 870 Cynici,

206 877 255 954 qui
278 873 503 954 reprehendunt
526 882 556 934 et
577 874 713 944 irrident,
738 874 816 953 quod
839 893 882 975 eq,
907 892 982 952 quae
1004 894 1038 935 re
1054 879 1153 955 turpia
1169 893 1229 936 non
1251 879 1321 946 sint,

206 959 378 1020 nominibus
400 977 434 1019 ac
457 958 557 1020 verbis
579 958 725 1036 llagitiosa
748 949 905 1019 drrdaifius‘:
929 959 980 1019 illa
1003 969 1111 1031 autem,
1128 978 1206 1043 quae
1224 963 1324 1039 turpia

172 1052 285 1113 dsunt,
309 1042 481 1104 nominibus
503 1041 686 1122 appellemus
709 1045 779 1104 suis.
819 1042 1012 1113 Latrocinari,
1036 1044 1184 1113 fraudare,
1209 1043 1324 1105 adulte·

206 1146 283 1196 rare,
307 1147 339 1186 re
356 1136 443 1205 turpe
460 1136 513 1195 cst,
530 1126 583 1187 sed
599 1126 710 1187 dicitur
726 1145 785 1187 non
801 1127 967 1189 obscoene:
984 1127 1088 1188 liberis
1103 1130 1176 1190 dare
1190 1146 1322 1205 operam,

205 1230 239 1273 re
262 1211 417 1272 honcslnm
441 1220 494 1281 est,
519 1214 640 1272 nomine
663 1211 859 1272 obscoenum:
888 1213 1031 1291 pluraque
1062 1215 1094 1272 in
1117 1231 1183 1274 eam
1204 1223 1324 1273 senten·

171 1298 276 1358 stiam
305 1295 342 1356 ab
374 1295 484 1356 eisdem
514 1304 617 1356 contra
634 1292 854 1357 'verecundiam
889 1297 1087 1375 disputantur.
1139 1297 1198 1358 Nos
1225 1305 1324 1357 autem

206 1389 341 1441 naturam
375 1396 550 1456 sequamur,
580 1388 610 1441 et
637 1379 673 1440 ab
697 1381 798 1455 omni,
824 1381 902 1458 quod
931 1379 1074 1443 abhorret
1102 1379 1138 1442 ab
1168 1380 1324 1442 oculorum

206 1467 384 1543 auriumque
399 1464 622 1543 approbatione,
647 1464 801 1543 fugiamus.
834 1461 904 1525 129.
929 1465 1037 1535 Status,
1051 1466 1194 1534 incessus,
1219 1466 1322 1535 sessio,

206 1547 366 1618 accubitio,
390 1549 496 1616 vultus,
520 1546 613 1617 oculi,
643 1567 784 1609 manuum
806 1557 905 1609 motus
928 1555 1047 1609 teneant
1075 1547 1148 1610 illud
1172 1550 1322 1609 decorum.

172 1641 187 1689 9
206 1632 322 1703 Quibus
344 1635 376 1692 in
397 1632 489 1693 rebus
512 1631 571 1692 duo
593 1633 721 1692 maxime
748 1642 817 1692 sunt
841 1633 992 1710 fugienda,
1015 1632 1149 1711 nequid
1173 1634 1324 1694 effemina-

156 1722 189 1770 10
206 1726 269 1779 tum
291 1725 342 1777 aut
364 1715 462 1786 molle,
486 1725 516 1776 et
539 1733 575 1775 ne
599 1716 669 1792 quid
692 1715 801 1777 durum
829 1722 879 1775 ant
906 1718 1051 1777 rusticum
1075 1719 1121 1777 sit.
1167 1717 1229 1777 Nee
1252 1735 1322 1777 vero

205 1801 401 1862 histrionibus
436 1797 667 1879 oratoribusque
702 1799 926 1860 concedendum
954 1808 1014 1871 est,
1044 1809 1077 1861 ut
1098 1803 1135 1860 iis
1157 1800 1232 1861 haee
1254 1810 1323 1879 apta

156 1901 186 1949 11
205 1887 281 1953 sint,
315 1883 402 1944 nobis
430 1882 581 1944 dissoluta.
633 1884 826 1946 Scenicorum
854 1884 976 1964 quidem
1003 1903 1068 1946 mos
1096 1894 1210 1946 tantam
1233 1885 1325 1946 habet

205 1977 305 2029 vetere
340 1967 496 2049 disciplina
530 1970 755 2038 verecundiam,
789 1976 822 2029 ut
849 1971 881 2030 in
911 1987 1029 2031 scenam
1051 1970 1116 2030 sine
1140 1968 1324 2047 subligaculo

156 2069 187 2117 12
206 2054 331 2133 prodeat
352 2071 450 2113 nemo.
497 2055 640 2115 Verentur
663 2055 743 2113 enim
757 2070 805 2123 ne,
829 2055 853 2113 si
877 2070 935 2130 quo
957 2073 1027 2115 casu
1043 2056 1185 2124 evenerit,
1210 2065 1243 2115 ut
1257 2071 1324 2114 cor-

155 2149 188 2198 13
205 2140 286 2218 poris
308 2146 408 2217 partes
431 2138 576 2217 quaedam
591 2140 771 2215 aperiantur,
788 2140 972 2216 aspiciantur
987 2156 1046 2198 non
1062 2140 1181 2200 decore.
1215 2138 1324 2200 Nostro

207 2223 327 2304 quidem
350 2240 435 2283 more
458 2240 525 2283 cum
549 2220 723 2300 parentibus
745 2221 874 2298 puberes
895 2220 964 2292 filii,
993 2241 1062 2282 cum
1085 2225 1198 2283 soceris
1221 2223 1326 2299 generi

157 2319 190 2366 14
208 2325 267 2367 non
296 2305 440 2368 lavantur.
484 2305 650 2366 Retinenda
678 2306 767 2383 igitur
798 2315 843 2366 est
870 2306 960 2367 huius
990 2309 1111 2383 generis
1134 2306 1322 2373 verecundia,

209 2394 385 2470 praesertim
406 2398 512 2451 natura
534 2392 596 2466 ipsa
620 2391 760 2467 magistra
782 2395 812 2448 et
833 2389 918 2450 duce.

154 2456 196 2521 36
291 2472 361 2535 130.
385 2474 457 2534 Cum
480 2481 578 2534 autem
603 2472 908 2553 pulchritudinis
936 2473 1126 2552 dungenera
1157 2473 1223 2544 sint,
1248 2491 1322 2552 quo·

206 2705 1326 2840 {tliclllcllilittdt”dicirit„ltl‘cltc‘itdllthhillel&

206 2842 381 2908 richtnngen.
400 2869 433 2879 -·
451 2843 530 2893 modo
549 2842 651 2892 occulte
668 2841 720 2893 fiat
737 2841 803 2893 oder
820 2841 963 2894 faciamus.

274 2914 298 2961 5.
315 2911 476 2976 petulantia
495 2909 520 2960 G
556 2917 650 2960 ensata
670 2925 704 2960 ιιι
722 2907 903 2974 verecundia,
925 2908 1163 2976 Schamloaigkeit.
1182 2938 1215 2945 -
1233 2909 1325 2975 siqui

206 2980 338 3043 suerum
356 2975 400 3027 die
418 2993 446 3028 cs
466 2976 536 3027 wirla
548 2976 593 3026 ich
610 2975 730 3042 gegeben
749 2977 808 3042 bat,
826 2974 910 3028 daher
926 2975 1065 3029 Indicatir
1086 2977 1229 3043 -turpio
1248 2983 1324 3038 suut,

208 3043 325 3096 nfimlich
352 3059 382 3094 re
404 3043 477 3111 ipsa,
507 3059 562 3094 was
587 3043 712 3095 wirlrlich
738 3041 880 3096 nnsiitllch
899 3043 942 3095 ist.
963 3073 993 3082 -
1013 3045 1107 3095 liberie
1126 3045 1194 3095 dare
1213 3059 1324 3108 operam

207 3112 253 3163 fdr
269 3110 475 3162 Nachkommen
493 3127 603 3177 surgen.
622 3140 656 3148 -
674 3112 708 3162 ab
727 3113 811 3176 omni,
829 3114 917 3176 quod3
937 3110 980 3162 die
993 3109 1204 3178 adjectivischen
1217 3109 1325 3162 Prono-

207 3178 281 3230 mina
298 3177 408 3229 werden
428 3177 463 3229 im
480 3176 612 3244 Singulas
629 3177 715 3229 selten
734 3177 950 3230 substantivisch
968 3178 1131 3245 gebraucht,
1151 3195 1229 3229 wenn
1248 3177 1326 3229 nicht

207 3245 252 3296 ein
264 3244 374 3296 Relativ
388 3243 467 3311 folgt,
481 3262 516 3296 an
531 3244 659 3296 welchem
671 3244 719 3297 das
733 3245 868 3297 Neutrum
884 3245 1027 3298 kenntlich
1040 3246 1086 3310 ist,
1105 3244 1158 3297 wie
1172 3245 1230 3296 hier
1243 3243 1326 3312 quod.

206 3339 240 3350 -
258 3313 293 3363 ab
312 3313 387 3363 omui
404 3341 437 3349 -
454 3313 615 3379 fugitiuum,-
635 3330 665 3364 so
689 3312 758 3364 auch
778 3312 812 3364 de
830 3319 888 3364 net.
908 3312 982 3365 deor.
1000 3314 1057 3378 ΙΙΙ,
1077 3319 1108 3366 13
1127 3329 1205 3364 omne
1224 3312 1326 3364 arrimal

207 3378 317 3449 appetit
339 3379 471 3447 quaedem
492 3387 521 3430 et
543 3378 615 3459 fugit
637 3397 654 3432 a
672 3379 842 3497 quibusdam.
877 3379 938 3446 ng
962 3386 1047 3445 c.40‚
1067 3385 1097 3432 11
1121 3377 1260 3430 declinare
1279 3379 1322 3431 ab.

207 3476 240 3485 -
259 3448 355 3510 cessio,
374 3448 510 3499 accubitio
515 3467 524 3506 ,·
541 3446 585 3497 ber
604 3448 676 3499 Geso
696 3445 783 3511 disten,
800 3464 824 3498 z.
838 3447 870 3500 B.
891 3445 928 3498 im
940 3449 1035 3509 Sensi,
1054 3464 1146 3499 sussen
1159 3445 1203 3497 die
1214 3446 1323 3511 Reium,

209 3515 294 3567 daher
311 3514 386 3576 sella,
404 3514 495 3576 sedesc
517 3514 581 3566 aber
599 3513 643 3565 bei
659 3514 759 3566 Tische
777 3513 857 3580 lagen
874 3513 923 3566 sie.

277 3587 317 3636 10.
337 3584 538 3635 concedendum
556 3589 605 3645 eet,
624 3589 670 3642 ut;
688 3581 748 3633 hier
773 3582 848 3634 kann
874 3598 936 3634 man
957 3576 1190 3648 denUebergang
1208 3580 1265 3633 und
1282 3581 1326 3633 die

207 3648 449 3703 Veruandtschalt
465 3648 559 3702 beider
572 3648 769 3716 Bedeutungen
788 3648 844 3701 und
858 3648 1091 3701 Constructionen
1109 3666 1163 3702 von
1177 3650 1325 3701 concedere

207 3716 289 3769 seben
308 3719 342 3783 (s.
362 3735 385 3769 c.
402 3722 444 3777 27,
466 3717 509 3783 1);
528 3734 556 3770 es
573 3717 678 3770 kdunte
691 3717 751 3769 hier
766 3715 836 3770 anch
849 3717 914 3772 Aeo.
927 3734 949 3769 c.
966 3717 1021 3772 Iul.
1041 3716 1144 3784 fulgen,
1164 3735 1244 3769 wenn
1262 3734 1325 3769 man

208 3784 283 3836 mehr
309 3802 345 3836 an
372 3785 417 3837 ein
440 3785 615 3851 Zugestehen
641 3784 677 3836 im
694 3783 871 3851 Disputiren‚
898 3783 938 3837 als
957 3802 992 3836 an
1011 3784 1055 3836 ein
1073 3784 1251 3847 Eiuriumen,
1269 3785 1324 3836 Er-

208 3851 306 3902 lauben
323 3851 360 3902 im
377 3851 484 3917 beben,
505 3852 561 3905 also
578 3853 616 3905 im
633 3851 716 3904 Thnn
735 3851 840 3904 utente.
854 3881 887 3890 -
905 3854 1059 3913 dissoluta;
1076 3851 1178 3904 classes
1192 3869 1266 3903 zu'ar
1279 3851 1325 3904 fur

205 3919 271 3986 jene
288 3918 387 3984 gehbre
405 3920 510 3988 (aptum
528 3937 587 3974 esse
603 3943 637 3964 =
655 3919 769 3986 decere),
791 3936 842 3972 nus
861 3919 978 3987 r'ibcigen
996 3921 1060 3973 uber
1077 3919 1129 3971 frei
1146 3918 1230 3984 stobe,
1249 3936 1276 3971 es
1289 3936 1324 3971 an

208 3984 463 4052 veruachlissigem
482 3987 646 4040 dissolutum
660 3987 707 4040 das
721 3987 871 4054 Regellose,
889 3987 1105 4055 Ungebundene,
1122 3985 1176 4052 vgl.
1196 4003 1220 4038 c.
1239 3991 1282 4050 28,
1300 3993 1324 4040 6.

277 4058 318 4106 11.
338 4054 489 4118 disciplina
513 4054 583 4106 nach
606 4055 654 4106 der
681 4055 755 4107 alten
773 4054 873 4111 chht.
891 4084 922 4092 -
941 4055 1145 4121 subligaculum
1163 4052 1325 4120 Beinbinde,

209 4120 311 4173 welche
329 4119 374 4172 die
391 4120 491 4172 Rdmer
509 4128 619 4188 brugen,
638 4122 672 4175 da
690 4123 729 4174 sie
746 4122 827 4174 keine
845 4122 939 4175 Hosen
956 4123 1089 4174 kannten.
1108 4150 1141 4160 —
1157 4122 1324 4189 paruulus

209 4188 268 4240 hier
284 4212 318 4232 =
336 4187 471 4257 patribus.
490 4217 521 4226 -
541 4190 634 4241 lavari
651 4189 709 4242 sich
727 4188 826 4245 baden.
846 4219 879 4229 -
897 4197 1004 4242 notura
1016 4217 1047 4227 -
1062 4191 1130 4241 duee
1148 4187 1241 4240 causal
1259 4188 1326 4242 oder

208 4255 379 4310 conditional
396 4256 565 4310 eulanlcisen.
