2826 4748
218 295 279 359 134
635 309 683 355 ne
707 308 858 357 uomens

181 465 198 511 4
216 449 294 510 haud
317 451 378 512 scio
394 467 431 511 an
452 451 565 510 nemini
586 450 695 527 patius,
719 467 806 527 quarn
823 447 886 509 tihi.
924 448 1062 509 Sustincs
1084 450 1162 508 enim
1184 467 1244 508 non
1261 467 1330 528 par·

159 581 165 592 .
214 554 280 595 vam
302 535 536 614 expectationem
557 533 717 594 imitandae
738 533 902 593 industriae
925 539 1053 602 nostrae,
1076 551 1212 612 magnam
1236 534 1329 594 hono·

180 633 196 681 5
213 638 291 691 rum,
307 618 477 680 nonnullam
493 620 618 680 fortasse
633 619 770 678 nominis.
801 617 964 697 Suscepisti
980 636 1055 678 auus
1069 627 1223 697 praeterea
1240 635 1328 695 grave

215 713 245 764 et
259 703 440 765 Athenarum
457 712 487 764 et
502 705 649 784 Cratippi:
673 703 708 763 ad
725 721 797 782 quos
815 720 881 762 cum
897 711 1047 781 tamquam
1071 703 1107 763 ad
1131 709 1328 764 mercaturam

213 787 364 849 bonarum
387 790 495 850 artium
525 791 566 848 sis
588 790 751 866 profectus,
783 790 902 848 inanem
926 788 1024 848 redire
1046 791 1252 866 turpissimum
1275 797 1328 859 est,

179 888 195 936 6
214 872 441 934 dedecorantem
466 882 495 934 et
515 872 598 934 urhis
621 875 827 933 auctoritatem
848 881 878 932 et
892 874 1035 950 magistri.
1072 873 1171 944 Quare
1186 881 1329 953 quantum

214 959 326 1019 conniti
341 961 440 1018 animo
455 966 548 1037 potes,
566 967 707 1034 quantum
724 956 826 1018 labore
842 956 1024 1018 contendere
1041 955 1076 1035 (si
1094 958 1229 1018 discendi
1244 956 1329 1019 labor

215 1050 261 1103 est
281 1044 388 1121 potius
413 1061 501 1122 quam
523 1041 675 1121 voluptas),
701 1050 817 1103 tautum
839 1045 886 1103 lac
908 1051 941 1102 ut
955 1043 1082 1110 efficiam
1106 1061 1179 1102 neve
1195 1043 1329 1103 commit·

212 1138 266 1197 tas,
297 1134 338 1196 ut,
363 1145 429 1187 curn
453 1127 550 1187 omnia
577 1127 764 1206 suppeditata
791 1130 851 1187 sint
879 1127 1013 1197 anobis,
1037 1133 1100 1187 tute
1125 1125 1178 1187 tihi
1201 1127 1330 1187 defuisse

179 1229 194 1276 u
214 1213 341 1273 videare.
388 1210 445 1271 Sed
468 1210 542 1272 haec
564 1212 723 1282 hactenus;
746 1212 837 1273 multa
859 1215 940 1272 enim
955 1230 1043 1290 saepe
1060 1212 1095 1271 ad
1114 1220 1141 1271 te
1157 1211 1330 1271 cohortandi

212 1299 307 1374 gratia
330 1298 522 1375 scripsimus:
546 1314 626 1357 nuuc
645 1297 681 1357 ad
696 1295 839 1376 reliquam
856 1304 969 1377 partem
992 1299 1161 1377 propositae
1177 1296 1329 1357 divisionis

211 1389 406 1441 revertamur.

177 1482 193 1532 8
298 1465 327 1526 'l.
351 1465 554 1527 Panaetius
576 1468 677 1545 igitur,
701 1469 751 1547 qui
768 1470 832 1526 sine
849 1468 1051 1527 controversia
1068 1468 1104 1527 de
1120 1467 1225 1527 olficiis
1240 1483 1326 1526 accu-

211 1552 362 1611 ratissime
379 1551 546 1630 disputavit,
570 1569 718 1632 quemque
736 1569 800 1621 nos,
824 1554 1013 1611 correctione
1036 1551 1163 1631 quadam
1187 1549 1328 1617 adhibita,

210 1635 398 1715 potissimum
419 1639 513 1697 secuti
536 1654 647 1706 sumus,
669 1634 767 1696 trihus
789 1634 949 1713 generibus
970 1638 1142 1715 propositis,
1166 1638 1198 1695 in
1220 1634 1329 1713 quihus

211 1718 379 1780 deliberare
402 1719 541 1780 homines
564 1729 593 1780 et
615 1721 781 1781 consultare
804 1720 840 1779 de
863 1720 962 1780 allicio
984 1721 1130 1780 solerent:
1159 1737 1235 1790 uno,
1259 1738 1328 1779 oum

211 1803 396 1874 dubitarent,
427 1803 624 1864 honestumne
656 1804 687 1864 id
711 1812 804 1874 esset,
839 1804 876 1865 de
904 1822 963 1883 quo
987 1813 1141 1881 ageretur,
1165 1823 1202 1865 an
1224 1813 1327 1883 turpe;

211 1887 313 1958 altero,
331 1887 443 1948 utilene
459 1897 545 1957 esset,
564 1908 601 1950 an
617 1887 739 1958 inutile;
758 1890 856 1958 tertio,
872 1891 897 1950 si
911 1889 949 1958 id,
967 1889 1046 1966 quod
1061 1890 1191 1969 speciem
1207 1888 1331 1951 haberet

211 1974 343 2043 honesti,
371 1982 519 2051 pugnaret
545 1992 612 2034 cum
635 1993 680 2043 eo,
711 1973 790 2051 quod
812 1972 884 2035 utile
906 1974 1073 2046 videretur;
1101 1993 1160 2054 quo
1183 1975 1270 2035 modo
1294 1991 1328 2034 ea

210 2057 341 2118 discerni
373 2067 539 2138 oporteret:
575 2059 610 2119 de
646 2058 762 2120 duohus
796 2059 956 2136 generibus
989 2061 1096 2138 primis
1123 2057 1221 2120 trihus
1243 2058 1330 2119 lihris

143 2143 144 2146 ’
212 2142 384 2221 explicarit;
409 2143 446 2203 de
468 2145 558 2203 tertio
580 2150 678 2204 autem
702 2161 813 2221 genere
828 2144 968 2224 deinceps
983 2163 1015 2204 se
1030 2145 1152 2221 scripsit
1167 2144 1328 2212 dicturum,

177 2244 267 2293 onec
291 2225 424 2295 exsolvit,
454 2227 531 2307 quod
559 2229 747 2307 promiserat.
792 2225 821 2289 8.
845 2228 929 2299 Quod
953 2247 987 2289 eo
1011 2231 1105 2306 magis
1128 2228 1235 2299 miror,
1259 2230 1329 2307 quia

210 2314 355 2390 seriptum
384 2330 400 2371 a
430 2310 577 2391 discipulo
606 2314 669 2373 eins
697 2313 856 2374 Posidonio
885 2321 945 2380 est,
969 2315 1090 2389 triginta
1112 2315 1199 2374 aunis
1221 2314 1330 2372 vixisse

159 2413 191 2461 10
209 2396 390 2463 Panaetium,
414 2403 607 2475 posteaquam
629 2395 696 2457 illos
712 2396 803 2456 libros
824 2396 974 2457 edidisset.
1012 2397 1105 2468 Quem
1123 2396 1219 2459 locum
1237 2399 1329 2458 miror

207 2497 223 2539 a
246 2481 406 2540 Posidonio
436 2478 569 2541 hreviter
599 2500 663 2541 esse
691 2489 802 2541 tactum
829 2483 860 2540 in
888 2481 1064 2562 quibusdam
1093 2484 1328 2552 commentariis,

278 2702 303 2750 3.
324 2698 439 2762 nemini,
453 2697 508 2764 egl.
521 2697 565 2750 die
585 2698 664 2750 Anna.
682 2698 748 2750 fiber
766 2697 840 2751 haud
857 2699 914 2752 scio
934 2716 979 2764 en,
992 2700 1015 2761 Ι,
1029 2717 1050 2751 ο,
1066 2705 1106 2764 11,
1120 2706 1142 2752 1.
1157 2729 1188 2738 -
1207 2701 1329 2752 sustines

210 2764 246 2817 du
267 2765 328 2816 hest
348 2782 382 2816 zu
402 2773 510 2832 tregen,
529 2767 579 2818 aul
594 2765 638 2817 dir
656 2766 723 2818 rnht
739 2765 783 2818 die
795 2766 872 2819 Last.
887 2796 920 2806 -
939 2785 1010 2820 anus
1028 2786 1128 2834 prone5
1144 2768 1207 2820 eine
1224 2766 1330 2834 gleiehe

210 2832 425 2900 Verpflichtnng
450 2834 507 2900 legt
528 2834 572 2886 dir
592 2834 683 2886 Athen
701 2833 758 2885 und
777 2835 926 2904 Cratippus
945 2835 1001 2888 suf.
1020 2865 1052 2873 -
1076 2839 1114 2888 ad
1131 2854 1214 2904 quos;
1237 2837 1329 2887 Athen

208 2901 413 3019 personificirt,
433 2900 519 2954 daher
536 2901 565 2953 in
584 2903 679 2968 Bezug
697 2903 748 2954 aui
761 2902 840 2954 beide
862 2904 910 2955 des
928 2903 1075 2956 Masculin.
1093 2933 1126 2940 —
1144 2911 1330 2956 mercaturam

227 2967 282 3020 ier:
302 2968 432 3026 Einkaul,
451 2998 484 3007 -
503 2972 720 3036 dedecorantem,
738 2970 793 3036 egl.
811 2971 852 3037 Il,
870 2975 910 3036 to,
932 2976 960 3023 ll
979 2978 1125 3041 petentem.

276 3042 300 3093 6,
320 3039 446 3088 discendi
469 3040 555 3092 labor.
591 3036 693 3104 Eiuige
721 3037 846 3090 erklriren
873 3038 946 3091 diese
973 3039 1210 3091 Ausdrucksweise
1241 3039 1329 3090 durch

206 3103 425 3171 Wiederholnug
449 3123 502 3156 von
516 3105 594 3157 labor
607 3105 647 3157 als
658 3105 803 3170 Prlidicat3
824 3106 941 3173 Andere,
952 3106 1043 3159 indens
1055 3107 1095 3159 sie
1106 3105 1228 3159 discendi
1240 3106 1329 3159 durch

133 3227 134 3230 ,
206 3172 369 3224 Attroction
387 3189 436 3224 aus
449 3171 551 3224 discere
563 3174 730 3225 entstonden
746 3174 842 3227 wissen
857 3175 970 3237 wollen;
989 3175 1038 3226 der
1052 3175 1196 3227 Ausdruck
1207 3174 1245 3226 ist
1256 3173 1329 3226 wohl

205 3257 247 3291 orn
269 3240 362 3291 besteu
380 3238 467 3290 durch
493 3241 639 3307 Betouung
662 3241 709 3293 des
728 3244 807 3294 labar
830 3260 864 3294 nu
883 3242 1008 3295 erkldren
1026 3267 1060 3287 =
1082 3260 1162 3295 wenn
1186 3259 1249 3294 man
1266 3259 1328 3293 vom

203 3307 312 3359 Lernen
335 3306 396 3359 eine
408 3308 547 3363 ·Arheit.
574 3307 652 3360 nicht
670 3308 800 3362 vielmehr
817 3310 898 3362 einen
912 3312 1022 3362 Geuuss
1041 3311 1105 3374 hot3
1124 3309 1216 3376 ugho.
1231 3313 1328 3369 21,10.

203 3404 235 3412 -
252 3378 309 3441 fae,
332 3383 363 3427 ut
384 3377 502 3442 efficias,
527 3376 762 3444 phraseologisch,
786 3377 838 3429 wie
860 3378 882 3441 Ι,
902 3395 924 3430 c.
943 3382 984 3442 28,
1003 3383 1034 3442 4;
1060 3377 1190 3430 deuteri:
1214 3375 1329 3428 hemfihe

203 3443 265 3495 dich
284 3460 318 3495 nu
337 3443 443 3496 leisteu.
465 3474 496 3481 -
515 3452 574 3496 tute
586 3468 619 3488 =
631 3451 662 3497 tu
680 3446 747 3513 ipse.
767 3475 799 3483 -
818 3447 869 3496 tihi
882 3447 1015 3511 defuisse,
1034 3446 1083 3498 des
1096 3443 1262 3513 Gegentheil
1274 3462 1329 3507 ron

205 3513 292 3564 alicui
310 3513 419 3564 adesse.

271 3584 293 3632 8.
314 3580 477 3640 Panaetius,
497 3579 551 3647 vgl.
570 3579 593 3645 Ι,
612 3598 635 3631 c.
655 3586 680 3646 2,
702 3587 741 3637 11,
760 3610 794 3618 -
812 3583 872 3633 sine
890 3583 1081 3633 controuersia
1102 3580 1152 3633 mit
1169 3582 1327 3634 accuratis-

203 3647 270 3698 sime
287 3663 322 3697 zn
342 3647 500 3704 verblnden.
517 3679 550 3686 -
569 3656 694 3710 correct,
713 3649 767 3716 vgl.
786 3651 808 3711 Ι,
828 3666 853 3703 c.
872 3655 895 3713 3,
915 3654 939 3706 9,
957 3677 991 3687 -
1013 3652 1171 3718 perscribas,
1188 3649 1244 3715 vgl.
1264 3649 1285 3710 Ι,
1306 3665 1330 3700 c.

202 3717 229 3779 6,
241 3719 265 3766 3.
279 3743 309 3752 -
328 3719 497 3782 consultare,
513 3715 568 3783 vgl.
580 3717 601 3776 I,
615 3733 638 3768 c.
652 3723 677 3782 3,
691 3723 714 3770 7.
727 3747 759 3754 -
772 3719 886 3785 speeiem
903 3717 951 3770 dos
966 3717 1115 3784 Aussehen,
1134 3717 1182 3770 des
1197 3720 1330 3770 deussere

204 3783 239 3846 (c.
259 3785 285 3840 8,
305 3782 342 3852 1),
361 3783 478 3835 welches
497 3784 563 3836 aber
580 3785 646 3836 eben
665 3803 695 3837 so
714 3785 786 3837 wohl
804 3785 951 3838 Wehrheit
969 3785 1039 3853 (egl.
1059 3791 1132 3853 20,8
1151 3803 1174 3843 ιι,
1193 3786 1232 3850 ΙΙ,
1247 3790 1287 3847 11,
1301 3788 1329 3849 5)

205 3848 244 3901 als
263 3849 363 3902 Schein
386 3851 445 3903 sein
473 3853 560 3914 kann,
589 3854 707 3906 weshelb
726 3854 767 3906 oft
791 3853 860 3905 salsa
879 3853 1071 3921 hinzugesetzt
1095 3853 1174 3920 wird‚
1199 3871 1222 3907 c.
1241 3859 1284 3916 26,
1303 3856 1330 3907 8.

204 3922 247 3982 30,
259 3922 283 3970 5.
297 3946 328 3954 -—
350 3919 477 3985 deinceps
495 3919 524 3971 iu
537 3919 585 3972 der
597 3920 789 3988 Reihenfolge,
802 3921 854 3988 vgl.
868 3921 906 3986 Il,
919 3939 941 3974 c.
954 3927 998 3988 21,
1012 3927 1033 3974 l.
1047 3952 1079 3960 -
1097 3941 1146 3974 nec
1164 3922 1229 3973 eber
1243 3920 1330 3975 nicht.

271 3989 296 4040 9.
316 3986 496 4051 Posidonius,
513 3987 569 4055 vgl.
588 3988 612 4053 Ι,
631 4006 653 4040 c.
672 3994 713 4046 45,
733 3995 756 4041 2.
776 4017 809 4027 -
828 3990 946 4055 triginta
970 3991 1072 4049 annis3
1096 3990 1144 4041 der
1163 3988 1276 4042 Ahletiv
1292 3988 1331 4042 isc

205 4053 234 4105 iu
255 4053 349 4121 Beeug
368 4054 420 4106 auf
433 4063 496 4121 post
515 4054 557 4120 (in
598 4061 766 4126 osteeqneml
789 4063 911 4124 gesetzt3
935 4057 970 4109 de
987 4057 1031 4108 bei
1051 4057 1165 4124 Angabe
1183 4056 1231 4108 der
1249 4057 1331 4109 Oris·

206 4121 272 4173 oder
291 4122 488 4176 zeieebsttnde
499 4122 547 4176 der
591 4124 675 4176 etein.
695 4125 788 4192 hiufig
807 4142 856 4176 um
874 4125 936 4176 wie
954 4123 1025 4178 viel
1041 4125 1135 4193 spiter
1153 4124 1217 4177 oder
1236 4125 1331 4179 weiter

204 4189 292 4270 sript,
316 4208 346 4244 er
368 4192 417 4244 hat
441 4192 509 4244 noch
534 4209 582 4272 upa
601 4198 634 4246 30
651 4192 753 4245 lehre
770 4194 887 4312 opiter
909 4191 1014 4260 gelebt,
1034 4192 1074 4245 als
1092 4209 1122 4244 er
1136 4194 1203 4262 jene
1221 4194 1331 4247 Bdcher

204 4255 319 4310 schrreb.
341 4289 374 4296 -
393 4260 526 4313 edidisset
544 4261 589 4312 lar
608 4260 734 4330 ediderit,
753 4277 808 4328 vg.
828 4260 853 4328 I,
873 4266 915 4328 43,
936 4267 959 4312 1.
