2826 4748
372 270 440 315 nm.
465 270 515 315 111.
548 269 971 318 0AP.XX111.xx1v.xxv.
1178 255 1241 319 175

129 409 257 486 cuipiam
273 406 388 467 dederit
403 407 439 467 ad
463 425 567 484 aquam
591 408 781 476 intercutem,
802 409 1015 488 pepigeritque‚
1041 410 1063 468 si
1089 427 1124 468 eo
1146 409 1239 468 medi·

128 499 263 552 cemento
286 509 375 551 sanus
398 491 492 550 iaetus
515 498 602 560 esset,
626 511 664 552 ne
686 491 735 552 illo
756 492 971 554 medicamento
993 511 1122 572 unquam
1138 501 1237 571 postea

128 583 276 644 uteretur;
300 578 325 635 si
349 593 384 634 eo
407 574 624 637 medie'amento
645 575 742 637 'sanus
771 577 866 637 iactus
900 579 945 647 sit,
971 585 999 635 et
1014 578 1114 641 ‘annis
1129 575 1239 656 aliquot

128 666 194 738 post
208 659 348 719 inciderit
361 662 394 718 in
411 658 537 719 eundem
557 659 703 729 morbum,
727 679 782 720 neo
805 659 841 720 ab
865 680 910 730 eo,
934 662 1053 740 quicum
1075 663 1238 739 pepigerat,

128 746 283 821 impetret,
308 752 340 802 ut
368 745 438 802 item
468 761 502 803 eo
526 745 615 804 liceat
636 746 694 804 uti:
726 744 797 824 quid
820 744 989 805 laciendum
1012 748 1059 804 sit.
1105 745 1177 805 Cum
1202 747 1240 804 sit
1344 788 1345 792 ,

127 829 154 887 is
176 827 370 896 inhumanus,
395 828 444 906 qui
467 846 526 886 non
549 828 699 896 concedat,
724 847 779 888 nec
802 829 828 888 ei
850 831 1007 906 quiequam
1030 829 1080 889 fiat
1102 831 1237 896 iniuriae,

126 914 204 972 vitae
227 920 257 971 et
278 912 364 972 saluti
388 911 612 972 consulendum.
658 909 708 972 93.
731 911 826 982 Quid?
858 915 882 971 si
906 915 956 991 qui
979 914 1097 990 sapiens
1120 919 1239 990 rogatus
1258 922 1274 968 3

127 999 166 1056 sit
181 994 218 1054 ab
235 1013 279 1063 eo,
304 997 354 1074 qui
370 1013 436 1055 eum
453 994 593 1055 heredem
609 998 706 1065 iaciat,
730 1014 796 1056 cum
820 997 846 1055 ei
869 1004 1045 1057 testamento
1068 999 1237 1056 sestertium

127 1079 235 1139 millies
257 1078 453 1156 relinquatur,
478 1088 510 1138 ut
524 1087 602 1149 ante,
626 1099 713 1159 quam
730 1080 925 1141 hereditatem
942 1079 1036 1146 adeat,
1060 1079 1127 1140 luce
1143 1079 1237 1156 palam

126 1166 157 1223 in
181 1165 245 1224 toro
261 1163 354 1232 saltet,
378 1163 467 1243 idque
483 1181 514 1223 se
530 1165 677 1224 iacturum
694 1167 874 1242 promiserit,
898 1163 975 1242 quod
994 1165 1080 1224 aliter
1095 1165 1237 1224 heredem

127 1266 195 1308 eum
218 1249 385 1326 scripturus
406 1246 456 1306 ille
483 1267 541 1307 non
571 1256 662 1308 esset:
692 1251 794 1318 iaciat,
818 1248 895 1327 quod
920 1251 1107 1326 promiserit,
1132 1265 1235 1308 necne.

127 1331 304 1391 Promisisse
332 1330 454 1398 nollem,
490 1341 519 1392 et
542 1332 572 1391 id
602 1332 731 1392 arbitror
758 1333 848 1392 luisse
875 1333 1034 1410 gravitatis
1090 1331 1270 1400 Quoniam4
1378 1328 1380 1333 ’

125 1415 277 1494 promisit,
315 1416 339 1473 si
368 1415 474 1475 saltare
497 1417 526 1475 in
558 1416 622 1475 loro
649 1423 736 1495 turpe
760 1416 864 1483 ducet,
888 1416 1044 1476 honestius
1067 1419 1236 1486 mentietur,

127 1501 151 1558 si
175 1519 209 1559 ex
233 1499 398 1559 hereditate
420 1499 495 1559 nihil
518 1502 646 1578 ceperit,
675 1518 762 1578 quam
786 1503 812 1559 si
835 1503 964 1577 ceperit:
995 1503 1051 1560 nisi
1074 1499 1150 1560 forte
1173 1518 1236 1560 eam

125 1585 284 1662 pecuniam
306 1585 336 1642 in
349 1585 395 1644 rei
417 1583 552 1661 publicae
574 1601 713 1661 magnum
737 1584 853 1661 aliquod
876 1591 994 1660 tempus
1016 1582 1183 1653 contulerit,
1206 1590 1240 1643 ut

126 1666 170 1726 vel
193 1666 315 1736 saltere,
340 1685 406 1727 eum
430 1670 543 1746 patriae
566 1669 756 1728 consulturus
778 1670 831 1735 sit,
856 1676 941 1746 turpe
965 1671 1088 1728 nonsit.
1126 1664 1176 1727 94.
1193 1668 1290 1732 Acro

125 1769 162 1810 ne
184 1750 232 1810 illa
257 1750 376 1829 quidem
400 1752 546 1828 promissa
568 1752 712 1812 servanda
736 1760 812 1821 sunt,
837 1770 913 1832 quae
929 1771 988 1812 non
1012 1758 1079 1810 sunt
1101 1753 1139 1812 iis
1162 1754 1235 1829 ipsis

125 1833 216 1903 utilia,
241 1833 348 1914 quihus
369 1833 418 1896 illa
442 1838 625 1912 promiseris.
664 1835 714 1895 Sol
737 1835 913 1896 Phaethonti
934 1837 1003 1903 tilio,
1029 1844 1061 1895 ut
1082 1836 1237 1896 redeamus
1256 1841 1271 1886 2

126 1919 161 1978 ad
185 1917 308 1985 tabulas,
331 1920 480 1979 facturum
503 1937 535 1979 se
557 1937 622 1979 esse
645 1920 727 1988 dixit,
751 1920 891 1998 quicquid
925 1927 1064 1997 optasset.
1110 1920 1236 1999 Optavit,

126 2010 159 2062 ut
181 2005 212 2064 in
240 2020 361 2063 currum
390 2005 483 2081 patris
511 2003 673 2062 tolleretur.
718 2001 857 2063 Sublatus
886 2010 940 2063 est.
984 2006 1079 2081 Atque
1109 2005 1132 2062 is
1154 2011 1237 2063 ante·

125 2105 212 2164 quam
237 2087 374 2154 eorrstitit,
400 2089 458 2147 ictu
483 2087 613 2146 l'ulminis
636 2086 817 2163 deflagravit.
861 2085 977 2155 Quanto
1000 2086 1107 2146 melius
1128 2088 1236 2154 suerat,
1256 2091 1272 2139 3

125 2175 156 2230 in
179 2169 235 2230 hoe
258 2173 436 2248 promissum
452 2173 544 2248 patris
559 2189 617 2230 non
634 2189 699 2232 esse
716 2172 881 2231 servatum?
904 2169 992 2240 Quid,
1009 2169 1086 2248 quod
1104 2169 1238 2229 Theseus

125 2256 223 2332 exegit
244 2255 422 2333 promissum
446 2273 460 2315 a
478 2254 635 2334 Neptuno?
658 2255 711 2316 Cui
733 2273 800 2315 eum
823 2262 884 2314 tres
900 2256 1066 2332 optationes
1083 2254 1238 2332 Neptunus

124 2405 161 2455 ad
180 2420 224 2520 aq.
244 2403 296 2455 int.
316 2402 524 2455 medicinischer
542 2403 695 2466 Ausdruek,
714 2403 802 2455 wobei
820 2403 868 2455 des
887 2401 1020 2470 passende
1033 2400 1160 2465 Verbum,
1179 2400 1238 2452 hier

125 2468 320 2586 depellendam,
337 2486 372 2521 zu
390 2472 536 2550 erginpen.
556 2497 588 2508 -
607 2472 674 2538 qaid
691 2472 851 2535 faciendum
870 2469 1021 2549 eiteeiuer
1043 2469 1092 2521 der
1109 2467 1238 2537 sophisti-

124 2553 154 2588 ae
173 2552 208 2587 en
226 2536 317 2601 Fene,
341 2555 434 2589 woran
457 2537 500 2589 dre
519 2538 632 2604 Gegner
657 2537 706 2589 der
726 2538 906 2657 Coneelquenz
929 2553 959 2588 ιιι
983 2537 1056 2590 alten
1076 2536 1130 2587 und
1149 2551 1237 2587 neuen

125 2602 223 2654 Zeiten
245 2619 274 2654 so
296 2603 370 2655 reich
392 2603 463 2656 sind,
499 2603 556 2655 Aue
579 2604 627 2656 der
648 2604 789 2671 unklugen
839 2604 986 2670 orderung,
1009 2604 1057 2656 das
1082 2603 1174 2656 Mittel
1194 2603 1237 2655 nie

120 2670 226 2722 'wieder
249 2686 284 2721 zu
306 2671 493 2737 gebreuohen,
517 2671 573 2722 und
595 2670 654 2722 dem
673 2671 813 2738 unklugen
832 2671 1038 2739 Versprechen‚
1061 2688 1089 2722 es
1109 2671 1185 2722 nicht
1202 2687 1237 2722 zu

124 2737 207 2802 thun,
230 2738 303 2789 kann
322 2737 428 2790 freilieh
448 2737 537 2790 niehts
555 2737 658 2804 Kluges
676 2739 716 2790 als
734 2740 824 2791 Conse
845 2755 915 2790 uena
938 2737 1091 2790 entstehen.
1110 2767 1142 2775 —
1161 2740 1237 2804 quie·

125 2823 208 2924 qnam
225 2805 350 2923 iqiuriae
367 2824 388 2862 s.
408 2824 432 2858 v.
452 2823 477 2858 a,
497 2805 597 2871 damni,
617 2805 731 2871 fraudis,
749 2756 886 2872 Scheden,
902 2804 1021 2860 Verluet.
1039 2833 1072 2842 -
1090 2806 1237 2856 consulen-

145 2890 191 2925 um
208 2889 259 2924 ea.

192 2946 215 2993 3.
234 2939 324 3005 faeiat
341 2938 453 2991 macheu
472 2939 538 2994 will.
550 2969 583 2978 ·-
598 2941 710 3000 milliee,·
728 2938 770 2991 bei
782 2938 875 2991 diesen
889 2938 1106 2990 Zahladverbien
1120 2938 1157 2989 iat
1168 2943 1237 2990 stete

126 3012 241 3058 centena
258 3005 333 3058 milia
350 3022 384 3056 zu
402 3006 555 3073 agitarer,
580 3007 636 3058 also
658 3013 705 3060 100
723 3006 867 3059 Millionen
885 3008 957 3059 Sest.
977 3005 1042 3057 oder
1059 3009 1075 3056 5
1093 3004 1237 3057 Millionen

124 3073 236 3125 Thaler.
257 3103 291 3111 -
313 3081 345 3124 nt
362 3072 460 3138 gehfirt
482 3090 516 3138 qu
540 3081 654 3140 rogatus
676 3074 721 3129 sit.
741 3103 772 3112 -
792 3076 851 3127 luce
874 3076 969 3141 palam
992 3090 1035 3124 am
1054 3071 1143 3123 hellen
1161 3073 1238 3138 Tage

125 3157 197 3208 gene
217 3139 367 3192 iffentlich.
389 3169 421 3177 -
439 3143 536 3200 saltet,-
554 3141 607 3208 vgl
627 3159 650 3193 c.
670 3147 709 3206 19,
729 3148 753 3196 2.
772 3171 804 3179 -
823 3143 920 3202 alitem·
938 3139 991 3206 vgl.
1009 3141 1032 3204 1,
1051 3157 1074 3195 c.
1092 3145 1133 3195 39.
1151 3144 1175 3194 6.

192 3213 216 3264 4,
234 3208 398 3259 Promisisse
420 3210 534 3269 nollem3
560 3207 616 3275 vgl.
639 3208 662 3274 1,
686 3227 709 3262 c.
736 3213 778 3274 11,
795 3212 820 3262 ὃ.
842 3238 876 3247 -
904 3209 1027 3261 arbitror
1048 3208 1151 3272 fenam,-
1181 3206 1238 3258 dies

126 3275 231 3341 wrirde,
248 3274 346 3342 glaube
364 3275 419 3340 ich,
437 3275 547 3342 wlirdig
565 3292 689 3342 genesen
712 3275 780 3356 sein3
799 3275 852 3342 vgl.
872 3277 895 3335 1,
916 3280 940 3340 1,
958 3279 974 3327 8
992 3273 1120 3344 potuisse,
1140 3304 1172 3311 —
1190 3276 1238 3325 lto·

66 3350 70 3353 '
124 3344 233 3395 nostine
246 3343 395 3394 mentietur
406 3367 439 3386 =
453 3342 594 3395 honestius
606 3343 660 3395 erit
671 3343 793 3405 mentitu
813 3343 925 3395 mentiri
936 3366 970 3386 =
981 3342 1038 3394 sein
1051 3341 1237 3409 Versprechen

126 3409 203 3462 nicht
221 3409 323 3462 helien.
343 3437 376 3448 -
393 3412 451 3462 nisi
468 3414 554 3477 forte3
575 3409 671 3463 Cicero
683 3410 791 3462 seheint
808 3410 868 3462 hier
885 3409 969 3461 selbet
986 3411 1184 3475 inconsequent
1201 3424 1237 3458 zu

124 3477 246 3538 werden,
273 3476 365 3530 iridem
391 3494 421 3528 er
447 3478 492 3530 des
509 3478 634 3530 Nutzens
660 3495 756 3545 wegen
783 3477 826 3529 die
849 3478 977 3530 honestae
997 3475 1136 3528 verletzen
1157 3473 1236 3535 liiset3

124 3543 206 3596 allein
224 3543 333 3596 erstlich
351 3543 387 3596 iet
403 3561 432 3596 ee
450 3545 527 3597 nicht
544 3545 588 3598 des
606 3545 720 3612 eigenen
732 3545 858 3598 Nutzens
877 3545 979 3603 halber,
1001 3542 1057 3594 und
1069 3542 1128 3593 dem
1141 3543 1238 3593 Stante

123 3611 153 3663 in
173 3627 281 3678 grosser
298 3611 374 3663 Noth
394 3613 536 3679 (magnum
555 3612 589 3668 al.
614 3613 734 3694 tempus)
755 3630 789 3664 au
807 3612 898 3663 helien
916 3611 953 3662 ist
970 3610 1030 3662 eine
1048 3609 1171 3675 grissere
1190 3609 1239 3660 ho-

125 3689 223 3739 nestas,
243 3679 283 3731 als
301 3677 357 3743 die,
382 3679 484 3730 welche
506 3680 624 3732 verletzt
642 3681 724 3741 wird3
748 3680 840 3731 terner
857 3678 894 3730 ist
911 3678 960 3730 dae
978 3677 1094 3729 Tanzen
1114 3676 1165 3728 eut
1178 3675 1237 3726 dem

124 3744 407 3811 Merltte'eigentlich
429 3746 509 3797 keine
531 3746 755 3812 Unsituichkeit,
777 3746 897 3798 sondern
921 3762 974 3796 nur
996 3759 1083 3811 gegen
1102 3744 1153 3794 den
1174 3760 1238 3805 con,-

127 3812 310 3865 rentionellen
329 3813 464 3877 Austand,
483 3813 540 3865 elso
559 3814 727 3880 indecorum,
748 3814 812 3864 aber
832 3812 908 3863 nicht
925 3811 1109 3864 inhonestum.

612 3918 682 3966 Kar.
699 3918 742 3967 25.

194 4003 216 4050 1.
236 4001 273 4049 Aa
291 4016 325 4050 ne
342 4027 376 4034 —
393 3999 517 4066 quidem,-
536 3998 591 4050 und
609 3998 701 4050 ferner
715 4036 741 4054 ..
766 3998 837 4050 ench
861 3997 945 4072 nicht.
963 4025 996 4034 -
1019 3998 1109 4061 Atque
1126 3997 1151 4046 ie
1164 4017 1198 4037 =
1210 3993 1237 4045 ls

123 4083 198 4131 vero,
216 4065 343 4118 deutsch:
362 4066 439 4117 Doch
457 4066 506 4116 ehe
524 4083 562 4130 er,
580 4065 637 4132 vgl.
650 4075 679 4116 'c.
699 4070 741 4130 11,
757 4071 781 4118 8.
799 4091 832 4102 -
849 4065 974 4117 constitit
991 4064 1080 4115 festen
1100 4063 1170 4113 Fues
1188 4077 1234 4126 ge-

124 4132 344 4265 sas⁸t3dmfdddrad5
359 4132 947 4267 hgdalltndflodehde'dfieg{dhtheddtd--hihttliec
965 4215 1003 4250 re.
1016 4227 1048 4235 -
1062 4197 1164 4262 exeqit5
1182 4195 1237 4260 egl.
