2826 4748
172 285 215 348 44
618 300 666 345 uu
690 300 838 348 curicus

174 439 251 510 Quin
274 441 360 501 etiam
383 436 421 499 ob
444 439 497 500 has
519 439 597 518 ipsas
620 457 724 500 causas
755 446 785 500 et
806 439 990 518 parentiores
1012 439 1181 500 hahuerunt
1204 456 1291 500 exer-

139 528 258 599 ecituS,
281 535 311 585 et
334 525 480 584 tortiores.
517 523 590 584 Mihi
612 523 732 602 quidem
755 541 861 603 neque,
884 525 985 604 pueris
1006 523 1104 591 nobis.
1128 525 1165 584 M.
1191 523 1285 585 Scau·

174 628 225 670 rus
240 609 272 670 G.
295 607 397 688 Mario,
421 625 526 687 neque,
551 627 618 668 cum
640 626 828 669 versaremur
849 611 880 668 in
902 606 1090 688 republica,
1115 608 1150 679 Q.
1167 606 1293 670 Catulus

174 692 225 754 Cn.
248 693 389 772 Pompeio
421 691 529 753 cedere
557 692 723 753 videbatur.
774 691 858 754 Parvi
888 695 968 753 enim
997 701 1065 753 sunt
1092 694 1165 775 loris
1195 711 1288 762 arma,

75 780 78 789 “
139 780 232 840 enisi
256 786 300 838 est
322 777 478 838 consilium
501 776 591 837 domi.
636 777 697 837 Nec
719 776 785 854 plus
806 777 979 848 Africanus,
1006 778 1169 855 singularis
1192 786 1221 837 et
1242 779 1289 837 vir

110 861 121 874 ’“
174 869 203 922 et
230 864 408 942 imperator,
442 865 473 922 in
502 861 700 922 exscindenda
729 862 884 923 Numantia
919 864 962 922 rei
995 860 1131 943 publicae
1165 863 1289 939 profuit,

173 965 262 1026 quarn
292 946 397 1008 eodem
429 954 564 1025 tempore
586 945 618 1005 P.
642 945 750 1006 Nasica
778 948 926 1025 privatus,
961 964 1027 1007 cum
1050 946 1095 1007 Ti.
1120 946 1288 1007 Gracchum

172 1026 332 1093 ibteremit.
370 1031 554 1107 Quamquam
569 1031 644 1091 haec
660 1031 781 1109 quidem
803 1050 852 1092 res
874 1050 935 1092 non
957 1031 1052 1093 solum
1076 1050 1112 1092 ex
1127 1031 1290 1091 domestica

173 1124 219 1177 est
240 1118 370 1177 ratione:
402 1117 519 1192 attingit
541 1117 630 1176 etiam
653 1114 803 1190 bellicam,
834 1117 973 1196 quoniam
995 1119 1024 1175 ri
1046 1133 1194 1192 manuque
1217 1133 1289 1175 con·

172 1202 250 1262 lecta
272 1208 330 1269 est;
354 1199 406 1260 sed
429 1207 527 1260 tamen
548 1198 580 1259 id
602 1202 700 1279 ipsum
715 1208 759 1261 est
774 1207 891 1278 gestum
913 1200 1036 1261 consilio
1060 1199 1194 1268 urbano,
1223 1200 1289 1260 sine

124 1304 156 1352 10
174 1287 315 1346 exercitu.
362 1282 410 1345 77.
433 1283 508 1345 lllud
530 1293 628 1345 autem
651 1287 794 1364 optimum
826 1296 886 1365 est,
916 1288 946 1345 in
970 1284 1049 1364 quod
1071 1283 1170 1346 invadi
1191 1282 1291 1344 solere

174 1368 211 1429 ab
234 1367 378 1447 improbis
401 1377 431 1429 et
451 1367 560 1428 invidis
582 1369 688 1430 audio:

344 1455 459 1514 Cedunt
485 1471 574 1513 urmu
596 1461 692 1529 toque,
717 1455 864 1516 concedat
884 1459 992 1516 laureo
1014 1457 1108 1516 laudi.

124 1556 153 1602 11
173 1539 213 1599 Ut
227 1539 306 1598 enim
321 1537 394 1598 alios
410 1538 554 1607 omittam;
579 1538 663 1599 nobis
678 1555 742 1598 rem
758 1538 906 1618 publicam
928 1537 1171 1616 gubernantibus,
1188 1553 1289 1597 nonne

174 1632 259 1700 togae
282 1641 362 1683 arma
387 1623 560 1682 cesserunt?
582 1624 773 1702 nequeenim
795 1621 960 1702 periculum
982 1625 1012 1682 in
1034 1642 1068 1683 re
1090 1620 1207 1701 publica
1231 1623 1290 1682 luit

124 1724 155 1771 12
173 1709 290 1785 gravius
313 1724 460 1785 unquam,
493 1725 549 1766 nec
579 1709 671 1767 maius
701 1710 802 1767 otium.
848 1706 890 1767 lta
920 1705 1047 1767 consiliis
1076 1705 1290 1783 diligentiaque

174 1798 275 1852 nostra
298 1790 435 1851 celeriter
458 1791 494 1851 de
511 1791 646 1851 manibus
662 1791 928 1853 audacissimorum
945 1793 1051 1851 civium
1069 1788 1188 1869 delapsa
1204 1809 1287 1850 arma

125 1893 156 1940 13
174 1877 237 1954 ipsa
260 1874 441 1936 ceciderunt.
486 1873 568 1944 Quae
590 1892 638 1935 res
660 1877 750 1954 igitur
772 1886 857 1953 gesta
880 1894 1010 1955 uuquam
1033 1879 1064 1935 in
1088 1874 1166 1937 bello
1187 1875 1290 1935 tanta?

175 1961 225 2038 qui
247 1960 414 2040 triumphus
443 1961 665 2021 conterendus?
710 1957 760 2021 78.
786 1961 869 2021 Licet
892 1963 971 2022 enim
993 1960 1086 2040 mihi,
1116 1958 1288 2034 Marcelli,

174 2044 252 2123 apud
274 2052 304 2106 te
327 2046 458 2121 gloriari,
482 2044 517 2104 ad
542 2064 631 2124 quem
647 2054 675 2105 et
690 2045 839 2107 hereditas
854 2045 941 2106 huius
957 2043 1068 2124 gloriae
1091 2053 1121 2105 et
1142 2045 1288 2104 sactorum

125 2145 158 2193 14
174 2131 301 2189 imitatio
323 2131 462 2209 pertinet.
507 2129 578 2189 Mihi
601 2130 721 2210 quidem
745 2138 825 2191 certe
849 2132 892 2190 vir
914 2129 1069 2191 abundans
1086 2129 1201 2190 bellicis
1223 2127 1287 2188 lau·

175 2212 260 2274 dibus
283 2215 336 2276 Cn.
359 2213 525 2292 Pompeius,
550 2213 650 2274 multis
672 2213 869 2288 audientibus,
893 2214 950 2274 hoc
972 2213 1086 2289 tribuit,
1110 2222 1142 2274 ut
1163 2212 1285 2281 diceret,

173 2298 284 2359 trustra
311 2317 343 2359 se
371 2297 554 2376 triumphurn
587 2300 708 2359 tertium
738 2299 959 2376 deportaturum
987 2298 1097 2376 luisse,
1128 2298 1187 2358 nisi
1218 2315 1286 2357 meo

172 2385 290 2443 iurem
319 2381 468 2461 publicam
496 2380 656 2461 beneficio,
689 2381 743 2443 ubi
771 2383 980 2462 triumpharet,
1015 2389 1091 2442 esset
1120 2380 1287 2442 habiturus.

174 2564 225 2616 den
250 2567 383 2617 Gesotzen
407 2563 452 2616 des
469 2563 587 2630 Lykurg
609 2563 776 2632 verglichen.
801 2594 833 2602 -
856 2566 1030 2633 parentiores
1048 2564 1092 2616 ein
1111 2554 1189 2629 ἅπαξ
1208 2559 1289 2632 λεγό-

174 2650 260 2700 μενον
278 2630 320 2682 bei
338 2631 407 2695 cte,
425 2631 478 2682 wie
496 2631 655 2697 coniugavit
673 2650 696 2684 c.
709 2637 759 2701 ull,
779 2638 825 2695 153
846 2633 968 2685 utentior
986 2633 1025 2695 Il,
1042 2637 1084 2696 20,
1104 2638 1144 2684 12.

240 2704 266 2752 8.
285 2700 327 2755 M.
346 2701 471 2752 Scaurus
490 2699 593 2752 Consul
616 2717 666 2752 zur
685 2700 750 2752 Zeit
775 2701 822 2752 des
836 2700 1079 2768 jugurthinischen
1098 2699 1220 2766 Krieges,
1238 2698 1289 2751 der

172 2767 231 2819 sich
250 2768 315 2819 aber
332 2766 402 2818 doch
420 2785 474 2819 von
492 2766 630 2834 iugurtha
647 2768 792 2820 bestechen
811 2768 883 2822 liess.
907 2768 975 2821 Sall.
994 2769 1054 2834 lug.
1076 2773 1117 2820 29.
1135 2797 1169 2805 -
1188 2768 1219 2831 Q.
1234 2768 1289 2818 Ca-

173 2839 251 2888 tulus
269 2834 372 2887 Consul
389 2834 424 2887 im
443 2835 596 2903 'I'odesjahr
613 2836 660 2889 des
678 2837 765 2901 Sulla,
783 2836 878 2888 dessen
896 2852 1001 2902 grossos
1015 2835 1141 2888 Ansehen
1160 2844 1287 2886 nement-

174 2903 228 2955 lich
252 2920 299 2955 aus
324 2903 383 2955 Cic.
406 2920 457 2970 pro
480 2903 531 2970 leg.
559 2903 653 2955 Manil.
678 2922 702 2957 c.
720 2909 753 2957 20
777 2903 954 2969 hervorgeht3
983 2921 1013 2955 er
1032 2921 1090 2955 war
1107 2920 1149 2967 es,
1168 2903 1216 2954 der
1233 2900 1286 2953 den

174 2971 270 3023 Cicero
283 2971 322 3023 als
336 2980 416 3039 pater
429 2969 535 3037 patriae
545 2971 696 3038 begrfisste.
713 3001 747 3010 —
764 2973 894 3039 privatus
913 2973 1068 3036 Gegeusatz
1081 2987 1115 3022 zu
1128 2969 1288 3038 imperator,

173 3039 208 3090 da
226 3056 255 3090 er
274 3037 335 3090 hein
357 3039 421 3090 nme
438 3037 529 3103 hatte,
557 3039 596 3090 als
613 3056 643 3090 er
661 3055 712 3090 zur
730 3038 921 3106 Belrdmplung
938 3038 984 3089 des
1002 3037 1127 3090 Tiberius
1146 3037 1288 3089 Gracchus

174 3106 352 3158 nullorderte.
395 3107 475 3157 Ganz
499 3106 598 3158 anders
621 3105 727 3174 spricht
746 3105 842 3157 Cicero
860 3105 967 3157 freilich
986 3105 1053 3157 fiber
1070 3105 1114 3157 die
1132 3105 1289 3170 Graccben,

175 3190 255 3224 wenn
274 3191 303 3224 er
322 3190 383 3224 aum
401 3172 489 3224 Volke
506 3173 620 3241 spricht‚
639 3191 663 3224 z.
682 3173 715 3225 Β.
735 3173 768 3224 de
786 3174 844 3239 lege
863 3190 921 3240 agr.
940 3174 977 3238 11,
993 3180 1018 3239 5,
1034 3178 1065 3226 10
1082 3173 1149 3225 duos
1168 3172 1287 3224 clarissi-

174 3258 246 3306 mos,
270 3240 471 3292 amantissimos
493 3240 579 3308 plebis
601 3240 741 3294 Romanae
768 3240 841 3293 virhs
860 3271 892 3278 -
909 3270 943 3280 -
961 3270 994 3279 -
1017 3258 1133 3309 quorum
1157 3239 1286 3303 consiliis,

173 3307 318 3376 sapientia,
338 3307 442 3374 legibus
462 3311 560 3360 multas
577 3325 635 3361 esse
654 3307 732 3360 video
750 3307 919 3376 reipublicae
936 3316 1028 3377 partes
1046 3308 1222 3360 constitutas.

241 3379 265 3427 9.
286 3377 460 3442 Quamquam
478 3375 532 3442 vgl.
553 3393 577 3429 c.
602 3381 628 3442 9,
651 3381 676 3428 7.
696 3405 727 3414 -
746 3394 779 3427 ex
797 3379 945 3428 domestica
968 3379 1093 3437 rutioue;
1120 3374 1283 3428 domesticus

173 3443 225 3494 wie
242 3441 330 3509 gleich
350 3442 468 3495 nachher
486 3443 541 3494 und
560 3447 583 3505 ἕ.
604 3448 617 3495 1
635 3442 796 3496 bezeichuet
815 3443 862 3496 das
879 3443 1050 3507 Friedlicbe3
1070 3463 1083 3496 e
1101 3445 1211 3496 ratione
1229 3459 1288 3494 esee

174 3528 209 3561 zu
227 3511 303 3562 einer
322 3511 463 3576 Gattung‚
488 3510 635 3578 Kategorie
658 3511 791 3578 gerbirch,
815 3511 870 3578 vgl.
895 3528 919 3564 c.
938 3518 963 3574 3,
984 3517 1007 3564 'l.
1026 3541 1059 3550 -
1081 3513 1112 3563 id
1129 3514 1220 3580 ipsum
1236 3510 1285 3561 be-

174 3595 262 3646 zogeu
282 3578 330 3630 aul
345 3596 401 3642 τως
421 3578 476 3645 vgl.
493 3579 530 3644 11,
544 3583 568 3642 5,
582 3583 606 3631 8.
618 3607 652 3618 -
664 3580 780 3630 consilio
792 3582 901 3631 urbano
914 3578 964 3632 mit
976 3579 1134 3647 politischer
1146 3578 1288 3646 Klugheit.

243 3651 281 3702 10.
300 3648 375 3698 illud
399 3655 491 3699 autem
514 3646 568 3713 vgl.
586 3664 608 3698 c.
635 3651 678 3710 28,
697 3651 722 3699 9.
743 3675 772 3682 -
792 3648 825 3697 ab
844 3647 975 3712 improbis
993 3655 1020 3699 et
1036 3649 1154 3706 invidie
1178 3645 1289 3699 hiermit

175 3713 332 3766 bezeichnet
349 3713 446 3766 Cicero
465 3713 538 3766 aeine
552 3713 652 3766 Feinde
670 3713 728 3766 und
741 3713 850 3778 Neider,
870 3715 905 3767 da
922 3732 951 3767 er
968 3714 1027 3767 sich
1044 3714 1113 3768 doch
1134 3715 1211 3766 nicht
1227 3720 1288 3765 ent-

175 3779 266 3833 hulten
285 3781 374 3847 kann,
392 3781 557 3849 ivenigsteus
576 3798 638 3833 zum
661 3781 773 3835 Schluss
795 3780 884 3833 seiher
910 3783 1023 3850 eigeneu
1045 3801 1089 3835 res
1111 3783 1233 3834 urbanae
1252 3797 1288 3832 au

174 3847 325 3914 gedanken.
348 3877 380 3886 —-
399 3853 498 3902 laurea
516 3848 564 3901 der
582 3849 799 3917 Kriegslorbeer3
820 3851 976 3903 luudi'dem
994 3848 1195 3918 burgerlicbem
1213 3848 1238 3903 d.
1259 3847 1287 3902 h.

173 3916 233 3968 dem
257 3914 416 3968 friedlichen
434 3915 595 3970 Verdienste
608 3958 633 3969 ..
653 3934 687 3969 zu
706 3920 837 3970 concedat
854 3917 909 3984 vgl.
929 3936 952 3970 c.
971 3923 1014 3983 21,
1032 3923 1056 3971 3.

243 3988 282 4035 12.
302 3985 388 4035 otium
405 3983 517 4039 Friede.
545 3984 713 4050 Sicherheit,
731 3984 834 4036 welche
852 3986 948 4039 Cicero
967 3982 1126 4052 bergeatellt
1144 4000 1178 4034 zu
1196 3982 1285 4034 haben

172 4051 228 4104 sich
247 4051 348 4104 rfihmt.
367 4080 401 4088 -
418 4053 542 4103 consiliis
559 4053 615 4119 vgl.
640 4057 665 4117 §.
682 4059 706 4105 4.
729 4082 762 4090 -
780 4055 843 4120 ipsa
860 4077 893 4097 =
909 4070 963 4105 von
990 4052 1082 4107 selbst.
1100 4080 1134 4088 —
1153 4052 1190 4102 ud
1208 4068 1288 4117 quem

172 4120 293 4185 pertinet
310 4118 362 4170 den
380 4118 419 4171 sie
437 4119 548 4186 angoht,
569 4138 603 4172 an
621 4120 674 4173 den
692 4120 730 4172 sie
747 4121 856 4173 kdmmt.
877 4149 910 4159 -
927 4121 1003 4173 Mihi
1021 4120 1131 4186 quidem
1148 4125 1233 4178 certe:
1250 4117 1286 4170 im

171 4187 328 4240 Deutschen
354 4186 490 4254 beginnen
518 4187 568 4238 wir
594 4187 646 4240 den
668 4189 735 4241 Sata
759 4187 810 4241 mit
830 4189 889 4240 dem
912 4187 1044 4239 Verbum:
1071 4186 1130 4238 Hat
1147 4186 1198 4238 mir
1215 4185 1286 4237 doch

172 4255 339 4322 uenigstens
357 4295 451 4309 .....
476 4284 508 4292 -
528 4256 653 4320 tertium3
671 4256 819 4324 Pompejus
846 4255 894 4306 hat
916 4254 952 4305 im
977 4255 1059 4306 Jahre
1077 4259 1111 4308 80
1134 4254 1173 4307 als
1194 4253 1289 4306 Ritter
