2826 4748
459 276 527 324 urs.
550 276 572 325 1.
606 275 682 324 cur.
705 278 830 326 xxxrx.
853 279 911 326 xu.
1173 267 1213 331 73

94 424 251 498 pretamur
281 415 471 483 modestiam,
500 433 558 494 quo
587 417 618 475 iu
646 416 738 477 verbo
768 417 872 478 modus
900 421 992 486 inest;
1022 419 1146 481 sedilia
1169 430 1214 482 cst

95 496 240 574 εὐταξία,
263 503 295 562 in
318 516 375 576 qua
394 497 572 576 intelligitur
596 499 709 561 ordinis
725 502 920 563 conservatio.
965 501 1078 582 ltaque,
1095 511 1127 564 ut
1143 523 1212 565 ean·
1231 521 1247 569 2

94 587 160 647 dem
176 603 231 646 nos
246 584 421 646 modestiam
436 581 629 662 appellemus
645 587 687 645 sio
703 584 874 647 delinitura
890 587 1006 656 Stoicis,
1022 594 1056 648 ut
1070 589 1213 651 modestia

93 674 135 732 sit
157 672 283 731 seleutia
307 685 409 730 earum
431 686 549 738 rerum,
578 687 655 748 quae
677 677 804 746 agentur
826 680 878 730 aut
899 671 1048 741 dicentur,
1071 671 1136 733 loco
1159 691 1213 734 suo

92 754 342 816 collocandorum.
387 752 431 813 lta
460 752 577 814 videtur
605 753 711 818 eadem
737 757 782 815 ris
810 755 925 817 ordinis
953 763 983 816 et
1010 756 1247 818 collocationis3

92 841 169 901 lore.
205 839 286 923 llam!
303 845 333 898 et
355 837 490 918 ordinem
514 840 559 898 sic
573 836 728 908 definiunt,
751 842 998 919 compositionem
1014 859 1114 902 rerum
1138 844 1213 921 aptis

48 924 51 937 '
91 931 124 984 et
154 918 386 985 accommodatis
413 922 500 982 locis:
530 922 626 982 locum
656 930 755 1007 autem
773 926 923 994 actionis,
958 928 1213 1004 opportunitatem

92 1009 238 1086 temporis
258 1025 325 1068 esse
346 1006 462 1067 dicunt:
487 1014 605 1085 tempus
626 1006 867 1069 autem-actionis
882 1016 1084 1088 opportunum
1101 1011 1212 1071 Graece

91 1085 257 1171 εὐκαιρία,
280 1091 384 1151 Latine
406 1090 573 1170 appellatur
594 1094 721 1152 occasio.
768 1092 818 1153 Sic
839 1095 881 1163 fit,
906 1102 939 1154 ut
959 1093 1104 1155 modestia
1128 1095 1211 1163 haec,
1229 1120 1247 1168 4

91 1195 180 1257 quam
203 1178 244 1237 ita
259 1178 495 1254 interpretamur
510 1184 544 1236 ut
558 1174 628 1244 dixi,
646 1177 769 1237 seleutia
786 1179 825 1237 sit
842 1180 1074 1256 opportunitatis
1089 1179 1211 1239 idoneo·

91 1279 159 1321 rurn
187 1259 225 1320 ad
247 1259 395 1336 agendum
411 1267 591 1339 temporum.
631 1256 703 1321 143.
728 1260 786 1322 Sed
805 1270 904 1340 potest
926 1262 1031 1324 eadem
1053 1281 1119 1323 esse
1141 1280 1212 1340 pru·
1231 1288 1246 1338 5

92 1344 210 1406 dentiae
233 1344 375 1413 delinitio,
399 1343 437 1404 de
459 1361 517 1423 qua
539 1346 689 1423 principio
712 1345 855 1406 diximus:
886 1345 944 1406 boc
965 1355 1064 1407 autem
1087 1347 1152 1408 loco
1176 1347 1213 1407 de

93 1429 298 1490 moderatione
321 1436 350 1490 et
372 1430 570 1506 temperantia
593 1437 623 1489 et
645 1447 748 1490 earum
771 1428 917 1491 similibus
938 1430 1099 1492 virtutibus
1121 1450 1213 1511 quae·

92 1517 199 1574 rimus·
243 1513 362 1592 ltaque,
391 1531 467 1592 quae
494 1522 579 1573 erant
600 1514 780 1589 prudentiae
802 1515 938 1593 propria,
968 1533 1021 1575 suo
1043 1515 1110 1575 loco
1133 1517 1212 1577 dieta

91 1606 175 1659 sunt:
198 1614 275 1677 quae
297 1603 396 1659 autern
417 1597 524 1658 harum
547 1599 701 1668 virtutum,
726 1597 763 1658 de
786 1597 894 1677 quibus
909 1601 967 1659 iam
983 1598 1036 1659 diu
1050 1598 1211 1678 loquimur,

90 1701 166 1762 quae
195 1684 347 1762 pertinent
374 1682 411 1742 ad
438 1682 650 1743 verecundiam
682 1689 713 1742 et
746 1681 782 1742 ad
818 1700 921 1743 eorum
954 1682 1212 1762 approbationem,

37 1836 41 1844 ¹
91 1766 270 1849 quibuscum
298 1767 438 1837 vivimus,
468 1783 548 1828 nuuc
576 1764 807 1829 dicenda-suut.
854 1763 924 1827 144.
948 1767 1028 1828 'l'alis
1051 1776 1096 1828 est
1118 1770 1243 1846 igiture

93 1851 167 1913 ordo
189 1853 338 1913 actionum
360 1850 561 1920 adhibendus,
585 1858 631 1920 ut,
655 1851 905 1930 quemadmodum
928 1853 959 1911 in
982 1853 1117 1913 oratioue
1140 1871 1210 1913 cou-

91 1938 192 2007 stanti,
216 1937 260 1996 sic
281 1936 313 1995 in
329 1936 387 1996 vita
402 1937 501 1995 omnia
517 1937 579 1997 sint
593 1941 662 2012 apta
675 1935 755 1995 inter
770 1953 804 1995 se
819 1944 849 1995 et
864 1936 1079 1996 convenientia.
1108 1937 1209 2016 Turpe
1228 1953 1244 2002 t

91 2032 136 2081 est
165 2022 246 2081 enim
279 2018 422 2098 valdeque
455 2020 607 2089 vitiosum,
641 2020 672 2079 iu
699 2037 733 2080 re
761 2036 864 2079 severa
892 2021 1021 2080 convivii
1053 2020 1133 2080 diota
1161 2029 1212 2081 aut

92 2102 252 2165 delicatum
269 2101 398 2183 aliquem
414 2102 527 2164 inferre
542 2121 724 2164 sermonem.
752 2101 833 2164 Rene
845 2101 986 2172 Pericles,
1003 2121 1071 2164 cum
1087 2103 1212 2165 haberet
1229 2120 1246 2170 s

90 2187 236 2268 collegam
259 2191 291 2250 iu
311 2193 452 2267 praetura
473 2187 658 2266 Sophoclem,
682 2189 763 2268 iique
785 2187 822 2248 de
844 2188 995 2248 communi
1017 2187 1116 2249 obicio
1140 2206 1211 2250 cou-

92 2274 253 2342 veuissent,
263 2281 292 2334 et
305 2290 376 2334 casu
391 2273 541 2333 formosus
555 2290 630 2351 puer
642 2272 830 2352 praeteriret,
843 2272 1026 2351 dixissetque
1033 2272 1210 2352 Sophocles:

92 2357 140 2429 „0
155 2375 282 2438 puerum
298 2355 467 2435 pulchrum,
491 2355 643 2418 Periclel“
675 2359 734 2426 „tt
749 2358 828 2417 euim
851 2363 1030 2436 praetorem,
1054 2357 1210 2435 Sophocle,

92 2544 191 2607 neunt,
208 2538 272 2592 weil
288 2538 338 2592 der
354 2538 449 2592 rechte
462 2537 546 2591 Thnn
558 2538 603 2591 ein
620 2540 771 2591 bewnsstes
787 2541 855 2604 rein,
874 2537 930 2591 also
943 2537 994 2590 eui
1002 2538 1089 2591 ciuem
1100 2539 1211 2593 Wisseu

90 2606 213 2660 bernhen
225 2623 307 2660 mnes.
327 2606 419 2659 Deher
431 2610 456 2670 ἕ.
470 2610 502 2659 12
514 2607 604 2659 eciem
616 2606 665 2658 der
676 2605 796 2659 Kenner.
809 2632 839 2643 -
859 2623 916 2658 aon
928 2607 1002 2658 bunc
1013 2606 1141 2660 schlieest
1153 2607 1211 2660 sich

90 2691 128 2728 an
140 2677 285 2728 nominant
302 2691 355 2741 au,
377 2679 447 2728 stete
469 2673 545 2738 (hac)
568 2690 604 2725 eu
622 2676 810 2729 continentur.
831 2700 865 2710 -
887 2675 986 2725 modus
1011 2676 1059 2726 der
1077 2674 1214 2742 Begrifl

91 2745 140 2795 dee
162 2741 278 2809 Messes,
296 2742 352 2810 vgl.
371 2759 394 2794 c.
412 2747 438 2810 2,
459 2746 491 2794 10
509 2740 601 2795 editus
619 2741 676 2794 nud
693 2740 746 2805 ΙΙΙ,
765 2744 808 2805 22,
826 2744 842 2792 9
860 2738 1006 2794 cerarium.

159 2814 185 2862 2.
203 2817 236 2862 ut
253 2825 455 2876 augenommen
472 2809 548 2874 dees,
572 2808 600 2862 d.
619 2811 646 2861 h.
667 2808 764 2875 rotigen
787 2807 839 2859 wir
856 2807 896 2860 sie
916 2806 973 2859 also
990 2824 1021 2860 so
1041 2824 1159 2863 neuneu.
1178 2837 1210 2846 -

91 2895 190 2930 earum
207 2894 300 2930 rerum
317 2879 552 2932 collocandorum,
586 2879 652 2928 Meu
671 2875 752 2928 sollte
768 2883 910 2927 ereverteu
927 2890 972 2927 ees
989 2892 1032 2927 ras
1045 2875 1209 2940 collocandi,

93 2946 128 2996 de
146 2947 176 2996 in
193 2944 329 3001 <reflectere
346 2944 398 2997 der
413 2942 614 3013 Hauptbegriff
629 2943 679 2995 der
697 2941 851 2995 Definitiou
867 2944 975 3006 eteckt3
997 2941 1051 3009 vgl.
1069 2944 1108 3004 11,
1127 2959 1150 2997 c.
1170 2947 1211 3005 12,

90 3017 118 3066 3.
137 3015 179 3076 25,
197 3015 222 3064 6.
235 3040 269 3051 -
286 3015 382 3065 eudem
401 3014 459 3073 oie,-
475 3011 567 3064 beiden
578 3010 687 3065 echeiut
697 3010 816 3063 dieeelbe
827 3010 995 3077 Bedeutnng
1008 3026 1043 3062 zu
1053 3008 1211 3076 gewinnen.

161 3085 187 3134 3.
206 3077 280 3132 Nam
303 3087 329 3132 et
346 3103 380 3124 ε
397 3079 470 3132 deun
493 3082 578 3142 ench,
606 3078 658 3132 wie
680 3097 705 3134 c.
723 3083 767 3144 37,
784 3083 800 3131 b
817 3076 865 3130 eod
882 3085 912 3129 et
929 3075 992 3142 αΙίἰξς
1015 3077 1054 3143 11,
1074 3082 1115 3143 l'l,
1133 3082 1166 3131 10
1183 3083 1212 3130 et

92 3144 138 3198 bic
159 3146 226 3216 ipse.
245 3176 279 3185 -
297 3149 535 3216 opportunitatem
557 3145 749 3199 horredines
771 3162 805 3197 zu
828 3144 917 3197 locum
938 3161 1010 3209 τωο,
1033 3148 1095 3197 eine
1113 3143 1211 3197 Haud-

92 3216 161 3281 lung
179 3212 277 3278 (ectio)
295 3214 345 3267 het
362 3213 512 3282 eigeutlich
531 3213 607 3265 nicht
624 3213 683 3265 ihre
701 3212 789 3266 Stelle
806 3211 919 3279 (locus),
938 3212 1057 3266 eundern
1075 3212 1135 3264 ihre
1146 3211 1212 3265 Zeit

90 3280 158 3334 oder
180 3281 365 3349 Gelegenheit
382 3281 494 3402 quppk
517 3282 584 3334 eber
606 3298 669 3333 meu
694 3288 759 3347 negt
782 3280 872 3332 locum
899 3279 965 3335 dere
987 3279 1042 3333 und
1059 3280 1209 3341 ihuliches,

93 3347 159 3401 weil
177 3365 241 3403 men
257 3349 326 3401 eben
342 3349 382 3403 bil
401 3349 437 3402 lic
475 3351 546 3402 euch
565 3348 642 3402 einer
659 3348 812 3415 Haudlnug
828 3347 888 3399 ihre
906 3348 991 3402 Stelle
1008 3347 1131 3401 auweist.

160 3419 186 3471 ὅ.
206 3418 312 3477 eudem
328 3416 385 3470 dies
402 3418 479 3469 kann
497 3416 582 3469 anch
600 3415 643 3468 die
661 3414 814 3469 Definitiou
831 3414 880 3468 der
897 3416 977 3483 prud.
989 3417 1060 3481 rein,
1076 3415 1132 3482 vgl,
1145 3432 1170 3469 c.
1184 3419 1211 3480 6,

90 3487 116 3536 t.
133 3511 167 3521 —
184 3484 324 3552 principio
342 3484 399 3537 und
417 3502 469 3537 ouo
487 3485 552 3546 luco,
571 3501 594 3535 c.
613 3489 629 3537 5
647 3482 702 3535 und
720 3487 746 3537 6.
764 3512 798 3520 -
820 3500 893 3550 quoe
915 3491 1008 3536 cutem
1026 3483 1053 3533 t.
1071 3484 1211 3534 virtutum

92 3551 221 3620 (proprie
246 3549 329 3613 sinti:
356 3569 420 3605 rnen
446 3552 561 3604 beechte
586 3551 631 3602 die
652 3550 787 3631 Hinfnng
809 3567 865 3603 von
885 3549 1100 3602 Relativeiitzeu.
1120 3574 1153 3587 -
1173 3550 1210 3601 ad

151 3620 219 3681 rob„
237 3636 260 3672 e.
282 3636 305 3672 c.
324 3623 368 3683 36,
385 3624 411 3671 2.
430 3647 464 3657 -
481 3626 615 3671 constane
638 3619 730 3670 oratio
756 3634 818 3669 erne
839 3616 868 3669 iu
892 3617 966 3670 allen
988 3616 1069 3668 ihren
1093 3613 1211 3667 Theileu

92 3702 132 3739 stc
167 3685 398 3753 enteprechende,
422 3686 479 3738 also
498 3692 551 3752 gut
572 3685 790 3753 durchgeffihrte
808 3683 893 3737 Rode.
913 3713 947 3722 —
965 3691 1043 3752 apta,
1061 3682 1209 3750 eigeutlieh

91 3752 217 3822 Perticip
236 3770 291 3806 von
309 3753 428 3822 episcor‚
447 3753 554 3820 geliigt‚
573 3753 626 3820 vgl.
645 3769 668 3805 c.
688 3757 729 3819 18,
749 3757 765 3806 5
784 3768 810 3805 u.
829 3755 874 3815 43,
891 3754 917 3813 t,

162 3824 185 3873 i.
204 3822 281 3873 dicta
298 3845 332 3864 =
349 3819 480 3884 dicteria,
508 3819 689 3886 Witzworte,
712 3820 848 3873 bonmote.
871 3847 906 3856 —
933 3819 1083 3871 delicatum
1101 3817 1153 3870 wie
1170 3815 1211 3869 sie

93 3887 262 3954 weicbliche,
282 3888 384 3957 rippige
402 3887 553 3939 Menscbeu
570 3886 681 3951 fdhren,
699 3887 771 3940 also:
790 3887 899 3939 lochere
915 3885 1021 3940 Redeu.

161 3959 187 4007 8.
204 3963 342 4023 praetura
359 3955 528 4023 στρατηγίαι
552 3953 707 4022 Sophoklee
730 3972 789 4007 wer
806 3971 861 4006 von
878 3952 937 4006 dem
955 3951 1043 4005 durch
1060 3951 1135 4005 eeiue
1152 3955 1211 4005 An·

91 4021 187 4089 tigone
212 4022 419 4090 hingerieeeueu
437 4021 525 4074 Volke
541 4026 593 4075 teo
609 4038 634 4078 v.
654 4021 719 4072 Chr.
743 4038 805 4074 zum
828 4023 978 4088 Strategeu
1000 4021 1037 4071 im
1059 4019 1210 4072 samischeu

92 4088 203 4173 inege·
218 4089 342 4171 gewttblt
363 4089 486 4172 worden.
507 4118 541 4129 -
563 4091 599 4141 Aa
616 4090 702 4141 enimc
727 4088 800 4169 Aber
820 4088 865 4169 οἱα
888 4089 991 4142 Prdtor
1008 4104 1080 4140 mnes
1096 4088 1141 4168 je,
1161 4085 1213 4168 mit

91 4157 334 4293 tedberti,
348 4156 726 4291 ttf1tss¹⁰11l⁰tll¹t⁶lt3lt
740 4155 1211 4290 debedat-”tethel
