2826 4748
160 263 202 326 10
263 258 268 271 ⁴
597 278 645 325 nn
668 277 828 326 anricus.

160 417 258 478 studio
281 425 406 478 aetatem
429 418 615 494 consumpsi,
649 416 674 475 si
696 414 725 474 id
748 415 822 476 mihi
843 433 978 484 assumo,
1013 415 1114 476 videor
1141 416 1172 476 id
1200 434 1268 476 meo

125 504 224 562 5iure
246 501 373 578 quodam
401 501 489 561 modo
517 500 674 561 vindicare.
702 497 731 560 3.
754 499 847 570 Quam
876 500 913 561 ob
942 518 1006 561 rem
1035 517 1215 578 magnopere
1237 509 1267 561 te

158 587 272 655 hortor,
296 588 336 647 mi
357 585 469 652 Cicero,
494 593 525 645 ut
546 604 605 646 non
623 582 717 644 solum
740 586 889 646 orationes
912 603 1002 654 meas,
1026 585 1077 645 sed
1101 585 1155 645 hos
1178 588 1268 646 ctiam

158 671 195 731 de
217 669 401 748 philosophia
423 669 531 739 libros,
556 672 607 748 qui
629 669 687 729 iam
708 667 766 729 illis
786 669 850 730 fere
873 688 904 731 se
935 677 1106 749 aequarunt,
1136 669 1269 730 studiose

158 754 247 833 legas
291 756 341 816 Vis
364 756 441 815 enirn
465 754 582 814 dicendi
603 756 697 815 maior
720 756 817 814 estin
840 753 906 824 illis,
930 756 981 815 scd
1005 753 1062 815 boc
1084 771 1201 834 quoque
1218 772 1266 814 co-

157 839 278 900 lendum
302 848 346 900 est
367 838 519 918 aequabile
542 845 789 917 attemperatum
814 841 955 899 orationis
977 855 1079 915 genus.

124 929 140 978 6
242 925 279 984 Et
305 923 334 983 id
361 924 479 1004 quidem
507 925 619 983 nemini
647 923 733 983 video
762 922 943 984 Graecorum
971 923 1067 984 adhuc
1096 925 1267 999 contigisse,

157 1015 189 1068 ut
210 1009 290 1069 idem
312 1016 439 1085 utroque
461 1008 492 1066 in
515 1025 624 1085 genere
644 1007 801 1078 laboraret,
826 1015 1059 1091 sequereturque
1082 1017 1112 1069 et
1127 1006 1199 1069 illud
1222 1007 1267 1068 fo·

157 1111 245 1153 rense
268 1093 393 1160 dicendi,
417 1100 447 1152 et
467 1093 524 1152 hoc
547 1094 680 1169 quietum
703 1091 874 1170 disputandi
896 1110 1006 1170 genus:
1031 1094 1087 1153 nisi
1110 1092 1188 1153 forte
1210 1092 1268 1153 De·

158 1179 280 1237 metrius
300 1176 460 1237 Phalereus
482 1178 513 1236 in
535 1177 592 1237 hoe
614 1194 739 1237 numero
755 1175 858 1237 haberi
880 1184 985 1257 potest,
1010 1176 1174 1254 disputator
1196 1176 1267 1237 suh·

157 1260 224 1331 tilis,
241 1269 341 1321 orator
355 1279 460 1339 parum
476 1261 648 1340 vehemens3
674 1260 768 1322 dulcis
784 1271 891 1332 tamen,
913 1269 947 1321 ut
962 1261 1161 1340 Theophrasti
1177 1261 1266 1322 disci-

123 1345 259 1424 tpulum
282 1349 379 1424 possis
410 1363 579 1424 agnoscere.
617 1345 678 1405 Nos
700 1354 798 1407 autem
818 1355 959 1425 quantum
988 1348 1019 1405 in
1049 1354 1175 1425 utroque
1197 1365 1268 1425 pro·

158 1430 331 1500 fecerimus,
363 1430 488 1491 aliorum
510 1432 548 1490 sit
571 1431 729 1492 iudicium:
753 1439 911 1510 utrumque
934 1439 1015 1491 certe
1038 1433 1131 1492 secuti
1153 1448 1266 1491 sumne.

124 1511 187 1578 84.
211 1514 353 1595 Equidem
377 1523 406 1576 et
422 1516 576 1576 Platonem
593 1506 740 1583 existimo,
764 1518 789 1575 si
811 1533 904 1593 genus
926 1514 1045 1577 forense
1066 1514 1185 1577 dicendi
1206 1522 1268 1576 tra-

158 1606 240 1660 ctare
269 1599 424 1668 voluisset,
447 1601 619 1678 gravissime
642 1608 671 1660 et
699 1600 902 1677 copiosissime
930 1602 1061 1677 potuisse
1090 1600 1204 1670 dicere3
1238 1609 1269 1661 et

158 1683 401 1755 Demosthenem,
438 1686 463 1745 si
491 1683 558 1753 illa,
593 1702 668 1762 quae
690 1701 705 1742 a
728 1684 851 1744 Platone
879 1683 1038 1754 didicerat,
1073 1685 1216 1745 tenuisset
1239 1692 1269 1745 et

157 1766 523 1846 pronuntiare-voluisset,
547 1777 651 1829 ornate
674 1767 888 1847 splendideque
909 1769 1009 1830 facere
1032 1771 1171 1848 potuisse.
1209 1769 1267 1829 Eo-

157 1852 284 1929 demque
306 1854 394 1913 modo
418 1854 454 1914 de
477 1852 637 1914 Aristotele
660 1863 687 1914 et
704 1853 834 1914 lsocratc
856 1852 967 1913 iudico:
991 1873 1118 1933 quorum
1140 1862 1265 1931 uterque

156 1955 209 1997 suo
232 1935 328 1998 studio
356 1937 516 2000 delectatus
539 1941 717 2017 contempsit
738 1938 872 1999 alterum.

126 2013 147 2076 2
245 2021 303 2082 Sed
326 2039 393 2083 cum
421 2025 588 2085 statuissem
617 2022 748 2084 scrihere
780 2023 815 2083 ad
843 2030 872 2082 te
900 2021 1011 2100 aliquid
1040 2023 1096 2083 boc
1122 2031 1266 2100 tempore,

155 2104 246 2167 multa
269 2108 406 2185 posthac;
430 2107 466 2169 ab
490 2127 525 2168 eo
549 2107 641 2168 ordiri
665 2109 791 2168 maxime
814 2106 913 2176 volui,
937 2107 1014 2184 quod
1037 2115 1066 2167 et
1088 2109 1175 2168 aetati
1197 2115 1268 2169 tuae

123 2199 235 2252 cesset
256 2194 451 2270 aptissimum,
476 2200 505 2253 et
528 2193 695 2252 auctoritati
717 2211 809 2252 meae.
855 2191 929 2251 Nam
952 2209 1018 2250 cum
1041 2191 1132 2251 multa
1154 2191 1213 2251 sint
1235 2195 1266 2254 in

154 2322 346 2375 schreibender
364 2323 512 2376 Auedrnck
534 2323 584 2376 der
601 2323 759 2376 Redeknnst
776 2323 812 2374 im
834 2324 991 2388 Gegeneetz
1011 2338 1061 2373 zur
1078 2322 1264 2393 Philosophia,

155 2419 188 2429 -
205 2391 359 2457 vindicare,
377 2391 494 2457 erglinze
511 2390 586 2452 mibi,
606 2390 658 2443 wie
675 2390 746 2443 auch
763 2390 806 2442 bei
823 2389 926 2447 videor.

222 2462 246 2512 5.
264 2459 322 2510 tute
338 2486 371 2496 -
390 2476 419 2509 ee
437 2465 605 2525 aequarunt.
636 2459 714 2510 Auch
737 2458 796 2510 hier
818 2458 866 2509 het
888 2457 936 2508 der
953 2457 1035 2512 Bern.
1061 2476 1076 2509 c
1097 2459 1153 2512 feet
1181 2459 1263 2511 allein

156 2525 203 2577 dae
221 2524 364 2592 Richtige,
388 2524 478 2577 indam
502 2525 545 2577 die
563 2525 676 2593 librigen
694 2525 809 2579 Hdecbr.
834 2543 863 2577 ee
881 2524 1030 2588 auriensem
1053 2526 1119 2578 eber
1137 2527 1194 2579 cte.
1216 2528 1265 2580 het

154 2592 197 2644 bei
222 2611 343 2644 acuere
364 2601 432 2645 stete
454 2592 506 2644 den
526 2596 588 2648 Ace.
619 2594 675 2645 Der
697 2593 767 2647 Sinu
790 2593 839 2645 ist:
864 2592 902 2645 eie
926 2593 1014 2644 haben
1035 2592 1094 2645 sich
1110 2597 1193 2661 jenen
1214 2596 1263 2662 (an

155 2659 239 2725 Zahl)
255 2611 314 2712 laet
331 2659 539 2728 gleicbgestellt.
946 2690 947 2694 ¹

221 2731 244 2779 6.
263 2728 513 2792 laboraret.,Eiue
535 2729 643 2796 einzige
659 2729 842 2782 Hendscbrift
859 2730 927 2793 (Gn.
945 2728 985 2796 2),
1007 2745 1082 2780 zwar
1106 2729 1165 2780 eine
1188 2729 1265 2782 nicht

152 2794 300 2862 schlecbte‚
318 2796 383 2848 aber
395 2795 465 2849 doch
479 2796 556 2849 nicht
567 2815 621 2849 von
633 2797 683 2849 der
693 2798 802 2850 bessern
816 2799 943 2863 Gattung
956 2795 1025 2863 (vgl.
1038 2795 1105 2848 Einl
1140 2797 1171 2861 .)‚
1189 2796 1265 2864 gicht

153 2863 201 2915 des
229 2862 288 2915 hier
314 2864 463 2932 ellerdings
488 2865 647 2932 gefdlligere
673 2867 828 2918 elaboraret
853 2883 875 2917 e.
899 2883 925 2917 v.
950 2880 975 2915 a.
999 2870 1102 2915 etwas
1141 2864 1262 2929 eisten,

153 2930 284 2983 wturend
309 2934 363 2985 lab.
389 2949 441 2984 nur
464 2932 534 2984 sicb
557 2933 715 2985 berndhen
739 2932 823 2985 heisst
845 2932 915 2984 ohne
934 2929 1102 2998 Andeutung
1119 2931 1191 2983 einer
1209 2933 1264 2984 ura

153 2999 249 3065 fulges.
285 2999 397 3052 Konnte
421 2999 485 3051 aber
507 2999 584 3052 nicht
602 3000 696 3052 Cicero
720 3000 819 3067 genade
842 2999 892 3051 mit
915 2998 1061 3065 gesucbter
1084 2999 1264 3052 Bescheiden-

154 3065 211 3117 heit
237 3065 289 3117 den
309 3065 413 3118 minder
440 3066 630 3119 bedentenden
654 3068 798 3120 Ausdruck
824 3066 953 3119 rvdhlen‘f
979 3066 1068 3119 Daffir
1096 3066 1203 3135 epricht
1220 3067 1264 3119 die

153 3134 222 3185 leura
247 3133 366 3185 nacbber
389 3133 516 3215 fulgenda
539 3125 712 3202 Bemerleung
735 3134 870 3196 Cicero’e3
900 3142 1034 3202 quantum
1061 3134 1262 3203 profecerimus,

156 3199 272 3252 eliorum
298 3200 336 3253 sit
361 3201 506 3268 indiarum,
534 3210 676 3270 utrumqne
698 3212 771 3254 certe
793 3201 882 3254 secuti
903 3218 1007 3256 sarnus.
1044 3201 1122 3254 Anah
1145 3203 1193 3256 dae
1212 3202 1262 3255 mit

153 3269 295 3320 laboraret
311 3268 485 3320 verbundene
503 3277 663 3336 sequeretur
679 3270 786 3323 scheint
800 3270 881 3321 defrir
893 3286 928 3320 au
940 3269 1082 3338 sprecbeu.
1112 3269 1179 3322 Man
1192 3270 1262 3323 siebt

154 3335 276 3400 hiereos,
304 3335 356 3387 wie
374 3336 492 3388 misslich
511 3354 538 3388 es
556 3338 593 3389 ist
619 3355 673 3390 von
691 3338 740 3389 der
756 3338 900 3391 Autaritdt
916 3336 965 3388 der
981 3336 1197 3390 Hendschriften
1217 3339 1262 3392 ab·

154 3403 287 3522 zufehen,
306 3403 377 3456 blose
396 3420 445 3456 aus
463 3403 521 3456 dem
541 3405 665 3470 Grande,
684 3405 745 3456 weil
764 3405 806 3457 die
823 3405 886 3456 eine
903 3404 1002 3457 Lesart
1018 3404 1109 3456 bercer
1125 3406 1264 3459 scheint

153 3487 207 3538 vg.
229 3471 266 3531 Π.
285 3475 312 3535 4,
330 3475 354 3524 6.
373 3500 407 3509 -
425 3473 481 3524 uiri
498 3475 570 3538 forte
588 3473 630 3524 oft
647 3473 778 3538 ironisch,
796 3472 855 3524 hier
872 3473 937 3524 eber
956 3471 1042 3534 nicht,
1059 3471 1115 3538 egl.
1134 3490 1157 3524 c.
1177 3479 1218 3536 33,
1235 3479 1260 3528 6.

153 3573 185 3580 -
204 3541 364 3608 disputator
382 3538 455 3591 hier:
474 3539 517 3591 ein
536 3539 770 3608 philosophiecber
784 3540 926 3594 Erklirer.
950 3567 978 3576 -
999 3539 1199 3606 Theophrasti:
1218 3541 1262 3594 ein

153 3606 268 3659 Schdler
285 3607 331 3659 des
351 3606 520 3661 Aristoteles.

221 3679 245 3728 8.
265 3675 401 3742 Equidem
418 3699 452 3719 =
469 3674 513 3727 icb
531 3674 616 3727 meine
636 3674 841 3742 allerdings3
861 3673 958 3727 Cicero
976 3673 1052 3742 giebt
1069 3673 1129 3726 hier
1145 3674 1263 3729 boschel-

154 3742 206 3793 den
225 3741 277 3794 den
297 3743 395 3795 Grund
414 3761 464 3808 an,
486 3759 591 3795 warum
609 3742 716 3795 Andere
741 3742 819 3795 nicht
840 3741 911 3795 euch
933 3742 962 3795 in
981 3741 1091 3794 Beidem
1113 3751 1198 3796 etwas
1217 3744 1263 3810 ge'-

154 3809 247 3861 leistet
265 3809 364 3864 haben.
382 3839 416 3848 -
454 3812 602 3863 utulate:
615 3829 644 3863 er
662 3811 757 3863 wirrde
774 3811 897 3878 gelrount
914 3809 1017 3876 haben3
1041 3810 1096 3878 vgl.
1115 3810 1168 3877 III,
1186 3815 1229 3878 24,
1246 3816 1263 3863 4

153 3876 243 3929 faisse.
263 3884 406 3929 -tenere
435 3879 582 3943 esthalten‚
599 3879 673 3931 hiere
692 3879 857 3947 fortpflegen
876 3877 932 3930 und
951 3880 1115 3942 fortsetaen3
1154 3896 1261 3932 rouun-

153 3947 227 3997 tiare
244 3950 404 4012 vertragen,
422 3945 451 3997 in
469 3946 564 3998 reineri
574 3947 715 4000 Schriften
732 3945 895 4001 bebandeln.
913 3977 947 3986 —
966 3948 1094 4013 alterum,
1142 3953 1261 4014 eutrum,

157 4012 233 4064 nicht
250 4012 396 4065 Mescufin.
416 4040 448 4049 —

650 4087 721 4136 Kar.
740 4086 764 4134 2.

220 4169 244 4217 1.
265 4164 430 4218 auctoritati
443 4164 560 4217 ndmlicb
578 4173 607 4218 et
619 4166 705 4234 petris
724 4172 752 4218 et
764 4165 906 4234 principis.
919 4173 1060 4232 -patere
1074 4165 1263 4232 Auedehnung

154 4231 254 4298 beben,
279 4231 460 4300 Anweudung
482 4231 590 4298 finden3
614 4233 668 4300 vgl.
687 4250 710 4290 c.
727 4238 751 4297 t,
771 4238 811 4285 10.
829 4237 870 4297 16,
888 4237 912 4287 b.
935 4233 973 4299 Il,
993 4237 1018 4299 t,
1038 4237 1079 4289 10.
1104 4238 1146 4300 19,
1164 4238 1189 4286 9.
1208 4233 1263 4299 ΠΙ,
