2826 4748
491 304 561 350 nm.
584 304 621 351 11.
666 303 742 351 car.
764 304 798 351 r.
821 304 869 350 vr.
1172 289 1214 354 93

97 461 261 523 rursusque
290 442 439 504 secundae
461 461 520 512 res,
543 442 682 511 honores,
705 443 839 522 imperia,
861 443 1012 511 victoriae,
1038 459 1215 523 quamquam

100 531 226 590 fortuita
259 538 343 598 sunt,
372 536 472 588 tamen
499 529 563 592 siue
591 528 743 588 hominum
772 527 878 606 opibus
901 534 930 588 et
951 527 1056 589 studiis
1077 536 1215 588 neutram

99 615 131 674 in
152 621 268 693 partem
291 613 368 673 ellici
391 621 524 691 possunt.

183 698 246 758 Hoc
268 700 359 774 igitur
382 699 509 775 cognito,
537 697 696 757 dicendum
719 705 773 766 est,
796 713 925 777 quonam
948 697 1034 757 modo
1056 693 1249 758 hominumo

89 782 224 844 studia
239 782 275 843 ad
288 782 428 844 utilitates
440 789 557 842 nostras
569 780 687 841 allicere
702 790 790 861 atque
807 782 938 841 excitare
953 783 1111 858 possimus.
1134 780 1215 852 Quae
1232 783 1248 831 7

100 871 127 928 si
150 866 266 945 longior
287 869 379 928 leserit
406 867 515 936 oratio,
540 883 607 926 cum
630 865 834 939 magnitudine
857 863 989 926 utilitatis
1008 873 1213 944 comparetur;

99 955 140 1013 ita
173 951 299 1013 lortasse
333 953 420 1012 etiam
453 951 571 1011 brevior
605 951 760 1010 videbitur.
811 946 861 1012 ut.
891 949 1089 1029 Quaecunque
1121 953 1247 1029 igitur8

99 1037 236 1098 homines
262 1038 377 1097 homini
398 1035 534 1097 tribuunt
556 1034 592 1096 ad
616 1054 683 1096 eum
699 1035 867 1113 augendum
883 1043 972 1114 atque
986 1036 1213 1113 honestandam,

100 1129 152 1183 aut
168 1119 382 1181 benivolentiae
405 1123 499 1198 gratia
519 1121 641 1189 iaciunt,
664 1138 732 1180 cum
755 1119 852 1199 aliqua
874 1119 911 1180 de
933 1137 1021 1180 causa
1045 1121 1223 1200 quempiam·

102 1206 241 1283 diligunt;
270 1214 321 1266 aut
349 1205 488 1275 honoris,
516 1207 540 1264 si
569 1207 654 1266 cuius
681 1206 819 1265 virtutem
848 1205 1025 1283 suspiciunt,
1065 1222 1214 1285 quemque

99 1291 220 1368 dignum
244 1289 362 1350 lortuna
385 1308 473 1369 quam
497 1288 675 1369 amplissima
699 1297 817 1368 putant;
841 1301 890 1349 aut
912 1291 960 1349 cui
983 1288 1070 1349 tidem
1093 1288 1212 1360 habent,

98 1383 130 1435 et
145 1374 221 1435 bene
242 1374 334 1435 rebus
353 1377 416 1435 suis
430 1374 585 1435 consulere
598 1373 793 1442 arbitrantur:
812 1382 861 1435 aut
873 1373 959 1435 cuiu's
975 1392 1046 1454 opes
1062 1382 1213 1446 metuunt;
1232 1377 1248 1426 9

98 1467 153 1520 aut
174 1467 291 1528 contra,
322 1477 338 1519 a
367 1458 474 1536 quibus
503 1458 612 1540 aliquid
642 1467 810 1538 expectant,
835 1465 868 1518 ut
889 1477 957 1519 cum
979 1475 1067 1535 reges
1089 1459 1212 1538 popula-

101 1561 185 1604 resve
201 1543 336 1604 homines
350 1543 523 1621 largitiones
538 1544 651 1621 aliquas
666 1551 854 1623 proponunt;
878 1553 928 1603 aut
942 1551 1095 1622 postremo
1116 1546 1214 1622 pretio

102 1645 137 1688 ac
164 1629 302 1688 mercede
330 1628 492 1697 ducuntur,
522 1646 599 1708 quae
621 1628 824 1692 sordidissima
848 1635 891 1688 est
920 1626 970 1688 illa
992 1627 1111 1706 quidem
1134 1629 1210 1687 ratio

95 1721 129 1773 et
150 1714 398 1793 inquinatissima,
429 1721 458 1773 et
479 1715 531 1781 iis,
560 1715 609 1794 qui
632 1732 666 1774 ea
689 1720 844 1782 tenentur,
869 1721 898 1772 et
920 1711 987 1781 illis,
1012 1713 1064 1788 qui
1087 1712 1123 1772 ad
1146 1730 1211 1772 eam

96 1799 261 1875 coningere
288 1806 441 1858 conantur.
485 1794 537 1858 22.
559 1796 634 1858 Male
664 1801 743 1859 enim
772 1816 804 1864 se
826 1814 875 1858 res
897 1796 1002 1872 habet,
1026 1815 1108 1867 cum,
1133 1796 1211 1877 quod
1232 1811 1264 1860 10

98 1883 206 1943 virtute
229 1883 308 1942 ellici
330 1883 430 1952 debet,
453 1882 484 1942 id
506 1890 638 1943 tentatur
660 1883 794 1962 pecunia.
833 1881 891 1943 Sed
914 1885 1055 1959 quoniam
1074 1899 1212 1943 nonnun-

98 1985 188 2046 quam
217 1967 274 2026 hoc
301 1967 467 2028 subsidium
492 1969 692 2029 necessarium
716 1975 770 2036 est,
794 1966 1043 2046 quemadmodum
1066 1968 1104 2027 sit
1125 1974 1211 2026 uten-

99 2052 168 2111 dum
192 2069 236 2120 eo,
261 2051 402 2122 dicemus,
430 2053 455 2111 si
484 2054 568 2130 prius
590 2053 626 2112 iis
649 2053 685 2112 de
708 2051 807 2120 rebus,
836 2069 910 2132 quae
933 2052 1033 2111 virtuti
1055 2052 1211 2130 propiores

97 2144 182 2205 sunt,
211 2137 380 2209 dixerimus.
424 2139 520 2216 Atque
549 2138 636 2198 etiam
667 2136 831 2197 subiiciunt
858 2154 890 2197 se
918 2133 1054 2196 homiues
1083 2137 1209 2216 imperio
1229 2148 1260 2196 tt

98 2219 219 2281 alterius
250 2229 280 2281 et
306 2224 446 2298 potestati
474 2222 511 2282 de
540 2222 635 2282 causis
663 2220 809 2302 pluribus,
859 2221 1012 2281 lincuntur
1049 2220 1126 2280 enim
1160 2228 1210 2281 aut
1230 2233 1283 2305 te,

98 2305 305 2377 benivolentia,
329 2314 381 2368 aut
403 2306 616 2368 beneficiorum
638 2306 850 2384 magnitudine,
877 2315 928 2366 aut
950 2305 1102 2383 diguitatis
1124 2323 1211 2384 prae-

168 2508 191 2558 7.
212 2504 321 2556 Hoc-
338 2508 447 2573 coquito
471 2506 541 2558 nach
563 2505 650 2558 dieser
667 2505 898 2571 Untersuclmng3
922 2504 974 2556 wie
997 2504 1109 2572 cognita
1127 2522 1212 2558 causa

98 2587 159 2624 vom
177 2570 292 2624 Richter
315 2581 419 2640 gesagt.
438 2603 471 2612 -
489 2581 665 2642 comparetur
687 2573 768 2640 Conj,
791 2572 839 2625 der
857 2571 1076 2640 Auilorderung3
1096 2574 1212 2640 subject

98 2637 135 2691 ist
153 2638 257 2703 oreti03
276 2642 318 2692 ita
335 2665 369 2684 =
387 2642 437 2693 hoc
454 2641 543 2705 facto;
563 2641 619 2708 vgl.
638 2658 661 2694 c.
681 2646 707 2706 i,
727 2647 767 2693 10.

167 2709 191 2759 8.
209 2708 333 2760 domines
355 2710 460 2761 homini
482 2709 526 2761 ein
544 2707 658 2761 Mensch
677 2708 737 2760 dem
756 2707 878 2772 anderu,
901 2707 965 2759 oder
983 2707 1132 2759 Meuschen
1151 2708 1210 2760 eiu-

99 2773 197 2838 ander;
221 2793 250 2827 so
273 2792 369 2829 monus
392 2794 502 2829 menum
519 2776 609 2839 lavat3
634 2785 696 2829 uter
719 2777 776 2828 utri
796 2793 820 2832 u.
839 2775 894 2842 dgl.
914 2804 947 2812 -
965 2784 1030 2834 oum
1053 2792 1081 2826 es
1100 2775 1210 2827 werden

101 2847 117 2894 6
134 2841 274 2894 Ursachen
293 2843 454 2911 engefdlrrt,
479 2844 583 2897 welche
601 2844 658 2897 cic.
676 2844 706 2896 in
729 2852 814 2896 etwas
837 2843 1013 2894 verdnderter
1031 2841 1210 2895 Zusummen-

96 2908 217 2976 stellung
225 2928 278 2962 von
290 2929 313 2967 c.
328 2917 412 2965 7-24
424 2912 576 2969 behendelt.
586 2942 619 2951 —
629 2913 788 2981 suspiciunt
798 2909 962 2978 Gegentheil
975 2927 1028 2962 von
1039 2909 1209 2978 despiciunt3

99 2994 147 3028 rue
165 2977 309 3047 aufwdrts,
328 2980 399 3031 noch
411 2980 570 3033 vorhanden
582 2980 611 3031 in
623 2978 732 3045 sustuli,
750 2996 843 3047 surgo,
860 2995 977 3043 sursum,
994 2994 1095 3046 susque
1113 2978 1211 3047 deque,

96 3045 217 3114 suscipio
237 3063 263 3100 u.
283 3065 307 3099 s.
328 3047 650 3114 Zusemmensetzungen.
668 3076 702 3087 -
720 3066 850 3115 quemque
867 3052 937 3099 stett
954 3046 1023 3099 etsi
1040 3062 1131 3114 quem:
1152 3046 1209 3098 also

99 3128 179 3180 quem
198 3113 275 3166 nicht
293 3113 405 3180 relativ3
429 3132 492 3167 meu
515 3117 616 3168 mdeste
637 3115 710 3167 denn
729 3132 824 3182 wegen
843 3115 889 3167 des
907 3113 1055 3182 folgenden
1074 3134 1091 3166 a
1108 3117 1210 3182 quidus

98 3180 183 3231 sehon
202 3198 256 3233 von
274 3181 333 3233 hier
352 3200 386 3234 an
404 3183 484 3234 einen
499 3183 663 3250 Uebergeng
675 3201 725 3235 zur
737 3181 1037 3236 Relativconstruction
1049 3182 1210 3246 unnehmen,

98 3247 152 3299 wie
171 3249 332 3315 umgelrehrt
347 3249 391 3301 bei
410 3269 432 3305 c.
452 3256 476 3308 5.
494 3255 510 3304 8
528 3251 697 3318 eosdemque.
711 3280 744 3289 —
761 3259 787 3302 et
799 3253 865 3303 dene
876 3280 909 3289 —
922 3252 1074 3316 consulere,
1092 3251 1209 3316 erginze

99 3331 177 3383 quem
197 3333 246 3369 aus
264 3316 323 3369 dem
340 3318 584 3386 vorhergehenden
602 3323 653 3375 cui,
672 3347 704 3358 -
722 3321 873 3387 populares
895 3318 1086 3384 Demagogen,
1105 3319 1212 3371 Fiihrer

100 3385 148 3434 der
166 3383 249 3436 Volks
271 3386 349 3443 arrei,
368 3417 399 3425 —
419 3388 584 3454 larpitr'oues
600 3404 753 3455 proponere
771 3385 899 3455 Spenden
917 3403 971 3437 von
990 3385 1127 3451 Geireide,
1148 3384 1211 3451 Oel,

98 3451 169 3502 auch
188 3403 268 3504 GeldJ
275 3454 418 3507 dffentlich
436 3453 601 3507 verheissen.
837 3504 839 3511 .

167 3523 191 3574 9.
209 3528 250 3571 est
271 3523 322 3574 illu
341 3526 462 3591 quidem,
488 3522 645 3589 allerdings,
664 3522 720 3588 vgl.
738 3522 775 3587 ΙΙ,
795 3527 836 3588 13,
856 3527 895 3574 13.
914 3549 943 3558 -
964 3529 1094 3573 tencatur
1111 3544 1145 3563 =
1163 3537 1210 3572 ce-

98 3585 222 3703 piuntur.
241 3616 274 3625 -
291 3592 477 3643 neceesarium
494 3590 717 3655 unvermoidlicli,
737 3607 762 3642 z.
784 3590 814 3641 B.
835 3589 904 3640 nach
917 3588 1065 3640 rdmischer
1083 3591 1123 3651 (u.
1142 3604 1210 3654 eng-

110 3652 214 3721 isclaer)
238 3654 310 3707 stote
331 3656 374 3709 die
399 3657 680 3725 Geldvertheilungeu
703 3657 746 3710 bei
769 3656 816 3709 der
840 3656 1014 3721 Bewerbung
1038 3671 1081 3706 um
1099 3655 1210 3707 Elaten-

97 3719 192 3773 stellen
218 3721 274 3787 (bei
296 3722 347 3775 den
370 3725 651 3779 Parlementswehlen
674 3725 702 3778 iu
721 3723 877 3793 England),
900 3723 957 3775 und
981 3723 1103 3775 nuchher
1124 3730 1148 3788 ς,
1168 3728 1210 3778 12,

98 3789 237 3842 Octavian
255 3789 314 3842 dem
334 3792 469 3845 Antonius
486 3795 652 3860 gegendber.

166 3862 206 3912 11.
226 3859 314 3925 Atque
331 3861 414 3911 etiarn
431 3883 465 3904 =
482 3862 547 3913 Und
564 3863 663 3914 ferner.
694 3861 757 3928 Vgl,
775 3861 799 3924 Ι,
816 3864 858 3922 26,
878 3864 908 3924 13
932 3859 997 3910 aber
1020 3858 1079 3910 hier
1102 3859 1164 3926 fuge
1181 3877 1209 3912 es

98 3941 152 3977 nur
175 3926 255 3977 einen
279 3927 430 3979 besondern
449 3928 510 3980 Fall
534 3945 568 3981 ru
592 3929 651 3980 dem
670 3929 862 3996 allgemeinen3
885 3926 928 3978 die
946 3926 1096 3979 Menschen
1116 3936 1209 3979 unter-

97 3993 207 4045 sttitzen
233 4010 329 4046 uasere
350 3995 439 4047 Seohe
462 3996 534 4048 auch
560 4013 609 4048 eus
632 3995 777 4049 fihnliclten
797 3995 945 4059 Grfinden,
970 4013 1050 4047 wenn
1069 3995 1121 4046 wir
1139 3996 1209 4047 nach

96 4060 144 4112 der
161 4061 324 4115 Herrschalt
340 4064 459 4128 stechen,
478 4063 568 4115 indem
586 4063 625 4116 sie
641 4063 700 4116 siclt
713 4063 799 4131 willig
812 4082 863 4118 zur
875 4064 1093 4130 Unterwerfung
1105 4063 1208 4128 reigen.

98 4157 130 4165 —
148 4130 312 4182 ulterius:
328 4131 420 4184 eines
440 4131 560 4195 dudem,
583 4132 656 4183 denn
679 4130 749 4184 alter
771 4131 842 4185 wird
866 4131 943 4184 nicht
959 4131 1030 4184 bloss
1050 4130 1209 4197 gebraucht,

96 4213 141 4247 wo
159 4213 212 4248 von
230 4197 299 4249 zuei
310 4198 479 4252 bestimmten
491 4200 629 4252 Personen
642 4197 686 4251 die
699 4199 773 4252 Rede
788 4200 835 4266 ist,
853 4199 972 4253 sondern
990 4200 1060 4252 euch
1078 4215 1130 4249 von
1150 4197 1210 4249 dem

97 4262 266 4318 Verhailtniss
284 4266 384 4320 zweier
407 4267 556 4335 beliebiger
573 4267 721 4334 Personen,
739 4285 762 4322 z.
787 4269 818 4321 B.
836 4267 860 4334 I,
878 4272 904 4334 2,
922 4272 938 4319 3
957 4284 982 4319 u.
1003 4272 1043 4335 li,
1063 4272 1094 4329 95
1113 4266 1166 4330 111,
1184 4270 1210 4330 5,
