2826 4748
199 295 241 360 64
648 310 695 355 00
719 308 868 358 oramus

200 468 258 529 que
281 449 460 527 patrimonio
483 449 695 528 praestantior,
719 448 812 526 gloria
835 448 953 508 virtutis
968 465 1128 527 rerumque
1151 454 1318 526 gestarum:

201 535 249 594 cui
271 533 410 595 dedecori
433 551 508 601 esse,
532 531 615 594 neias
639 542 669 593 et
690 534 815 612 impium
837 532 1029 593 iudicandum
1053 540 1107 592 est.

147 624 192 689 34
289 613 359 678 122.
383 618 420 678 Et
442 620 582 697 quoniam
606 617 702 677 ollicia
724 634 784 677 non
808 616 911 678 eadem
935 615 1105 694 disparibus
1127 614 1319 676 aetatibus

202 701 389 771 tribuuntur,
413 704 531 781 aliaque
554 708 623 762 sunt
643 702 797 769 iuvenum,
822 699 877 760 alia
901 705 1069 761 seniorum:
1092 699 1203 780 aliquid
1228 702 1318 760 etiam

165 797 182 845 2
201 786 238 846 de
253 786 309 846 bac
325 785 514 847 distinctione
531 786 689 846 dicendum
706 793 761 846 est.
792 785 844 845 list
862 787 954 863 igitur
969 785 1173 856 adolescentis,
1190 785 1318 844 maiores

201 878 271 930 natu
289 873 394 941 vereri,
419 888 514 951 exque
530 870 576 930 bis
592 869 725 948 deligere
743 872 871 948 optimos
888 876 917 929 et
931 868 1167 946 probatissimos,
1182 886 1320 948 ,quorum

202 953 326 1015 consilio
349 961 437 1032 atque
459 955 632 1015 auctoritate
655 956 776 1015 nitatur.
814 953 948 1014 ineuntis
971 953 1050 1013 enim
1075 953 1178 1013 aetatis
1199 954 1318 1013 inscitia

168 1051 308 1099 osonum
336 1037 544 1099 constituenda
574 1047 603 1098 et
629 1038 760 1116 regenda
790 1037 947 1116 prudentia
976 1044 1030 1098 est.
1069 1038 1195 1098 Maxime
1218 1045 1317 1097 autem

201 1122 275 1183 baec
303 1131 384 1184 aetas
412 1141 427 1183 a
456 1121 633 1183 libidinibus
661 1121 788 1183 arcenda
818 1130 878 1192 est,
909 1121 1135 1200 exercendaque
1164 1120 1319 1182 inlabere

201 1208 402 1284 patientiaque
427 1217 456 1266 et
478 1208 570 1267 animi
593 1214 622 1266 et
640 1207 790 1285 corporis;
814 1213 846 1266 ut
868 1225 970 1266 eorum
994 1213 1023 1266 et
1044 1207 1075 1264 in
1098 1205 1213 1266 bellicis
1236 1213 1265 1266 el
1287 1206 1318 1265 in

164 1289 340 1351 4010111100
373 1292 479 1352 officiis
512 1293 610 1369 vigeat
642 1290 799 1355 industrie.
849 1294 945 1368 Atque
973 1292 1060 1351 etiam
1090 1308 1157 1350 cum
1185 1290 1321 1350 relaxare

202 1375 316 1435 animos
343 1383 373 1436 et
401 1375 472 1435 dare
502 1394 534 1436 se
563 1374 738 1437 iucunditati
762 1373 874 1444 volent,
904 1381 1025 1436 careant
1047 1375 1318 1454 intemperantiam,

203 1459 396 1520 meminerint
419 1459 632 1521 uerecundiae:
656 1460 737 1539 quod
759 1460 817 1520 erit
837 1458 963 1529 facilius,
987 1462 1012 1520 si
1035 1460 1066 1519 in
1087 1459 1232 1520 eiusmodi
1254 1460 1320 1537 qui·

166 1553 184 1603 5
203 1541 270 1602 dem
293 1542 384 1604 rebus
406 1548 535 1606 maiores
558 1553 628 1605 natu
650 1545 742 1604 velint
769 1545 921 1604 interesse.
969 1540 1040 1605 123.
1064 1543 1193 1604 Senibus
1221 1551 1320 1604 autem

203 1625 321 1687 labores
343 1630 479 1708 corporis
502 1628 668 1699 minuendi,
693 1629 921 1688 exercitationes
943 1629 1034 1688 animi
1057 1628 1145 1688 etiam
1168 1627 1321 1705 augendae

202 1711 350 1772 ridentur.
394 1711 496 1772 Danda
531 1730 601 1772 vero
635 1729 741 1791 opera,
775 1718 808 1772 ut
837 1719 867 1772 et
894 1714 1008 1773 amicos
1037 1719 1067 1771 01
1088 1712 1269 1772 iuventutern
1293 1719 1322 1771 et

202 1797 331 1855 maxime
353 1814 416 1856 rem
439 1794 587 1873 publicam
618 1795 742 1856 consilio
779 1803 809 1856 et
840 1796 997 1875 prudentia
1034 1813 1122 1875 quam
1158 1795 1321 1875 plurimum

109 1942 113 1949 ,
165 1878 349 1952 gadiuvent.
392 1879 472 1941 Nibil
495 1887 592 1940 autem
616 1882 711 1955 magis
733 1881 966 1941 carendumest
988 1881 1146 1951 senectuti,
1171 1898 1259 1959 quam
1282 1897 1322 1940 ne

169 1961 340 2039 planguori
369 1982 401 2024 se
431 1963 623 2043 desidiaeque
654 1963 750 2025 dedat.
787 1964 918 2026 Luxuria
946 1983 1016 2026 vero
1038 1983 1106 2025 cum
1129 1965 1210 2025 omni
1233 1966 1322 2026 aetati

202 2048 307 2125 turpis,
331 2053 392 2108 tum
411 2049 557 2110 senectuti
573 2047 743 2110 foedissima
758 2056 811 2111 est.
849 2049 901 2110 Sin
917 2055 1015 2111 autem
1045 2048 1202 2110 libidinum
1230 2051 1321 2110 etiam

203 2133 434 2210 intemperantia
449 2135 619 2201 accesserit,
637 2133 744 2211 duplex
761 2132 870 2195 malum
888 2144 941 2211 est,
958 2132 1038 2212 quod
1054 2141 1084 2194 et
1105 2135 1168 2210 ipsa
1184 2139 1321 2194 senectus

203 2215 329 2276 dedecus
352 2217 497 2296 concipit,
526 2225 556 2278 et
583 2219 653 2278 lacit
682 2216 914 2278 adolescentium
943 2217 1193 2301 impudentiorem
1215 2218 1321 2278 intem·

202 2301 377 2377 perantiam.
794 2317 801 2331 ·

165 2403 185 2452 8
289 2379 359 2443 124.
382 2384 423 2444 bc
446 2402 484 2445 ne
506 2384 579 2445 illud
595 2386 715 2463 quidem
733 2383 860 2445 alienum
884 2395 937 2454 est,
963 2385 999 2444 de
1022 2386 1258 2463 magistratuum,
1284 2383 1320 2445 de

167 2469 402 2546 opriratorum‚
432 2467 469 2527 de
498 2471 624 2538 civium,
653 2465 692 2528 de
718 2470 947 2546 peregrinorum
979 2469 1085 2530 officiis
1114 2468 1222 2529 dicere.
1268 2469 1321 2529 Est

202 2552 291 2628 igitur
319 2552 475 2629 proprium
503 2570 611 2614 munus
632 2553 838 2630 magistratus,
868 2551 1044 2632 intelligere,
1068 2570 1100 2613 se
1122 2571 1228 2632 gerere
1252 2571 1321 2633 per-

203 2654 306 2696 sonam
336 2637 474 2705 civitatiS,
505 2636 675 2716 debereque
703 2637 767 2697 eius
790 2637 965 2716 dignitatem
995 2646 1024 2698 et
1047 2637 1137 2699 decus
1160 2639 1319 2707 sustinere,

152 2737 186 2787 10
203 2719 293 2798 leges,
316 2720 381 2780 iura
406 2721 592 2792 describere,
622 2739 656 2780 ea
684 2721 752 2782 fidei
776 2739 846 2783 suae
870 2725 1027 2783 commissa
1049 2723 1229 2783 meminisse.
1255 2723 1321 2783 Pri-

203 2935 289 3016 1111101
311 2934 364 2988 wie
386 2936 629 3018 dictitonleclito,
658 2937 769 3018 cursito.
789 2966 822 2976 —
835 2946 940 3018 tenere,
959 2936 1118 3018 100001οχ-
1136 2940 1217 3018 nesae
1237 2937 1321 2990 wider

202 3003 349 3071 gottbcbes
368 3005 460 3057 Gebot
478 3004 644 3073 (sundbcb),
662 3006 786 3074 impium,
805 3005 892 3057 wxder
910 3005 953 3056 (1ιο
972 3004 1128 3057 neturlxcbe
1139 3004 1321 3058 Kindesliebe,

697 3157 767 3206 er.
785 3160 827 3208 34.

270 3243 295 3290 2.
316 3257 402 3306 exque
424 3240 482 3305 bis,
506 3239 560 3291 wie
581 3239 621 3305 11,
640 3243 681 3305 23,
699 3243 715 3291 2
739 3255 826 3308 exque
844 3257 875 3292 00
893 3245 1029 3309 tempore3
1049 3240 1096 3293 nir
1113 3241 1162 3294 das
1181 3241 1321 3294 iiblicbere

165 3354 166 3358 ,
199 3322 235 3356 ex
253 3304 357 3373 hisque.
380 3336 413 3345 --
435 3308 646 3368 constituenda;
672 3306 845 3373 gewiibnlicb
868 3308 905 3360 ist
926 3308 1096 3361 instituenda
1114 3308 1144 3360 in
1161 3308 1250 3361 dieser
1267 3308 1321 3360 Be·

203 3372 336 3440 deutung.
358 3401 391 3412 -
414 3375 553 3440 patientia
576 3398 609 3418 =
632 3374 789 3427 constantie
811 3375 840 3426 in
864 3374 941 3427 melis
963 3375 1148 3444 perferendis,
1167 3375 1321 3432 Ausdauer.

203 3468 236 3477 —
255 3458 348 3493 eorum
367 3441 425 3493 001.
435 3440 501 3492 1000
519 3447 595 3494 uetes
612 3465 646 3485 =
665 3441 850 3496 adolescentes
868 3443 1003 3509 bezogen,
1021 3443 1073 3495 wie
1092 3441 1114 3499 0,
1133 3447 1204 3510 41,7
1224 3444 1321 3511 quibus

205 3508 257 3560 001
270 3525 350 3577 persa
369 3508 431 3560 eine
448 3509 570 3576 Synesis,
590 3508 645 3575 agl.
664 3509 700 3573 ΙΙ,
721 3513 763 3571 17,
782 3514 807 3565 b.

270 3580 294 3626 4.
314 3576 449 3629 eiusmodi
467 3577 577 3643 quidem
595 3578 676 3629 rebus
694 3576 723 3627 in
735 3576 845 3656 Spielen
866 3577 922 3629 und
936 3576 1160 3644 Vergnbgungen
1180 3577 1246 3630 aller
1260 3580 1320 3632 Art.

203 3671 236 3680 -
246 3643 365 3696 Senibus
378 3651 514 3695 autem—
524 3646 620 3696 danda
633 3661 711 3704 oero;
724 3643 855 3695 wahrend
868 3643 917 3696 mit
930 3652 1036 3697 autem
1050 3662 1103 3696 von
1117 3645 1169 3697 den
1182 3645 1321 3700 Pflichten

202 3709 252 3759 der
269 3709 378 3777 dirgend
402 3727 437 3763 zu
460 3710 547 3762 denen
570 3710 619 3763 der
643 3711 738 3764 Greise
761 3711 972 3779 dbergegengen
995 3706 1064 3764 wind
1091 3713 1159 3780 (vgl.
1179 3730 1201 3765 c.
1221 3719 1262 3778 28,
1282 3714 1320 3780 9),

202 3777 358 3844 entspricbt
375 3795 454 3830 vero
473 3778 610 3846 steigernd
623 3778 681 3831 dem
694 3779 936 3846 verborgehenden
950 3780 1047 3845 etiam;
1066 3779 1120 3847 egl.
1133 3779 1223 3848 gleich
1237 3781 1322 3833 0001-

204 3843 266 3894 ber:
280 3845 353 3895 nibil
366 3853 457 3896 autem
468 3845 540 3911 (eine
553 3846 651 3905 aweite
660 3847 841 3915 Vorschrist),
853 3849 969 3900 luxuria
982 3866 1046 3900 vero
1057 3847 1207 3916 (steigernd
1216 3868 1250 3891 =
1259 3848 1324 3901 aber

204 3910 267 3989 gap]
281 3927 313 3990 .¹¹·
333 3911 370 3975 ΙΙ,
390 3917 416 3990 ἓ,
435 3916 476 3965 15.
495 3918 520 3978 8,
539 3920 563 3969 5.
582 3918 624 3981 14,
642 3918 665 3967 5.
686 3920 729 3980 20,
749 3919 789 3970 10.
809 3944 840 3954 -
860 3916 1008 3968 libidinum
1026 3917 1139 4033 intemp.
1163 3915 1323 3982 Unmiissig-

203 3980 262 4029 kert
279 3994 308 4028 ιο
327 3980 482 4033 Genussen.
501 4009 534 4018 —
552 3983 740 4048 impudentior
757 3981 934 4049 schamloser,
951 3983 1106 4035 rbcksicbts
1119 3999 1185 4038 oser.

272 4049 296 4097 8.
315 4063 394 4098 00-
408 4047 525 4113 quidem,
544 4047 598 4114 vgl.
617 4066 639 4100 c.
652 4054 696 4114 45,
709 4055 732 4103 3.
748 4078 781 4088 -
793 4052 916 4103 alienum
935 4049 1013 4102 01011
1031 4067 1081 4102 zur
1093 4049 1182 4102 Sache
1200 4049 1324 4118 gehdrig,

202 4111 256 4178 vgl.
276 4130 298 4164 c.
317 4117 359 4177 41,
377 4116 403 4164 6.
420 4141 454 4150 -
471 4131 564 4179 gerere
582 4133 729 4181 porsonam
748 4117 919 4184 (10081001)
938 4125 1085 4182 ventreten,
1104 4117 1319 4185 reprisentiren.

202 4207 236 4217 -—
254 4180 320 4233 iuro
340 4181 491 4235 describere
514 4181 603 4233 Recbt
624 4183 809 4252 ertheilen,
832 4184 948 4237 ndmlicb
969 4185 1059 4252 jedem
1082 4184 1244 4249 (1008010ος
1263 4186 1320 4253 vgl.

202 4247 239 4314 ΙΙ,
259 4252 286 4314 4,
305 4253 320 4301 7
337 4247 405 4300 iuris
423 4265 511 4316 aequa
529 4247 685 4318 descriptio,
