2826 4748
527 292 597 337 um.
618 292 643 337 1.
686 291 764 337 ese.
786 292 834 337 ιι.
1197 275 1239 339 15

125 444 194 495 tura
214 431 382 497 videantur,
413 432 588 509 omniaque,
620 447 698 507 quae
724 431 786 489 sint
812 429 850 489 ad
878 427 1035 489 uisendum
1058 430 1236 499 necessaris,

126 518 264 596 anquirat
284 526 314 575 et
333 524 436 593 paret,
458 524 492 574 ut
511 524 640 591 pastum,
663 524 697 574 ut
716 512 856 582 latibula,
883 520 919 573 ut
939 511 997 573 alia
1016 514 1136 591 generis
1157 516 1237 574 eius·

125 602 203 662 dem.
247 601 409 661 l'nmmune
436 610 537 659 autem
564 600 758 659 animantium
786 598 918 657 omniun
944 608 991 658 est
1018 600 1270 664 commotionise

125 686 274 765 appetitus
294 683 474 763 procreandi
495 702 593 752 causa,
616 691 648 743 et
667 701 738 743 cura
760 681 906 761 quaedam
927 700 1049 751 eorum,
1071 701 1147 761 quae
1167 702 1237 762 pro·

125 778 226 830 creata
247 780 327 829 sunt.
371 768 432 829 Sed
452 771 532 828 inter
553 768 705 828 bominem
728 776 758 826 et
777 766 897 827 belnam
910 762 970 826 boc
992 769 1120 827 maxime
1141 769 1269 832 inter-3

126 864 186 923 est,
215 854 296 933 quod
316 853 390 913 baec
410 861 541 922 tantum,
568 861 710 931 qcianmm
731 869 821 911 sensu
842 858 991 920 morene,
1018 851 1056 911 ad
1077 852 1108 913 id
1131 852 1236 922 solum,

126 938 207 1017 quod
220 938 305 999 adest
318 938 457 1016 quodque
470 955 614 1017 praeseus
635 946 689 1010 est,
719 955 753 996 se
767 936 971 996 accommodet
990 935 1113 1013 paulum
1134 937 1236 997 admo·

126 1025 198 1084 dum
224 1026 358 1084 sentiens
389 1024 582 1102 praeteritum
608 1030 659 1082 aut
687 1021 831 1081 futurum.
881 1019 978 1080 Homo
1010 1031 1124 1089 autem,
1156 1022 1236 1098 quod

124 1110 249 1169 rationis
262 1116 308 1168 ost
321 1110 483 1187 particeps,
506 1125 671 1186 perquam
693 1107 904 1186 consequentia
925 1108 1039 1171 cernit,
1061 1124 1165 1166 causas
1186 1123 1233 1166 re·

125 1211 192 1253 rum
218 1193 312 1261 ridet,
346 1210 509 1270 earumque
538 1208 714 1271 progressus
746 1201 776 1251 et
809 1191 894 1270 quasi
924 1192 1144 1251 anteessiones
1175 1208 1236 1251 non

126 1281 254 1355 ignorat,
278 1276 486 1338 similitudines
507 1284 673 1354 comparat,
701 1274 852 1353 rebusque
874 1274 1083 1354 praesentibus
1104 1274 1236 1354 adiungit

125 1372 214 1441 etque
230 1362 360 1422 adnectit
375 1361 507 1427 luturas;
530 1359 615 1420 iscile
637 1361 726 1420 totius
748 1361 824 1421 sitae
846 1378 969 1421 cursum
984 1359 1074 1429 videt,
1097 1359 1134 1419 ad
1157 1378 1236 1421 eem-

126 1466 183 1526 que
205 1445 370 1523 degendam
392 1453 549 1524 praeparat
563 1463 613 1504 res
633 1446 827 1505 necessarias.
872 1440 923 1503 12.
945 1443 1114 1523 Eademque
1130 1455 1270 1508 naturus

125 1534 154 1590 u*
174 1531 300 1591 rationis
313 1530 465 1590 bominem
486 1528 626 1590 conciliat
646 1524 760 1588 bomini
781 1539 812 1589 et
833 1529 870 1589 ad
884 1531 1029 1588 orationis
1050 1538 1080 1589 et
1102 1529 1138 1590 ad
1159 1532 1237 1590 ritae

125 1618 307 1682 societatem.
329 1617 543 1692 ingeneratque
562 1616 702 1693 inprimis
721 1614 915 1693 praecipuum
935 1613 1082 1690 quendam
1104 1632 1237 1674 amorem

124 1703 155 1761 in
177 1719 245 1770 eos,
274 1702 325 1778 qui
346 1701 495 1778 procreati
516 1706 599 1765 sunt,
626 1697 826 1777 impellitque,
855 1706 886 1757 ut
909 1698 1062 1759 bominum
1084 1708 1186 1759 coetus
1208 1708 1238 1758 et

127 1783 346 1845 celebrationes
368 1794 397 1844 et
419 1803 485 1845 esse
507 1794 538 1844 et
558 1803 579 1843 a
598 1801 631 1843 se
653 1782 731 1842 obiri
752 1782 832 1851 uelit,
855 1782 894 1842 ob
918 1801 1028 1862 easque
1050 1801 1152 1844 causas
1174 1792 1235 1844 stu·

127 1869 196 1930 deat
216 1887 323 1948 parare
345 1887 397 1936 ea,
431 1886 507 1947 quae
532 1866 723 1945 suppeditent
750 1876 779 1926 et
810 1866 847 1927 od
869 1867 980 1927 cultum
1003 1878 1034 1927 et
1056 1868 1093 1928 ad
1115 1870 1235 1935 vietum,

126 1972 182 2013 nec
205 1952 263 2012 sibi
282 1951 348 2020 soli,
370 1951 424 2011 sed
438 1952 569 2028 coniugi,
591 1949 704 2023 liberis,
727 1954 904 2026 ceterisque,
929 1970 1005 2030 quos
1026 1969 1113 2013 caros
1128 1952 1237 2012 babeat

126 2038 265 2116 tuerique
286 2034 409 2095 debeat:
436 2052 607 2114 quaecum
629 2037 789 2095 exsuscitat
811 2037 898 2094 etiam
921 2037 1037 2095 animos
1058 2044 1089 2095 et
1110 2040 1237 2097 maiores

126 2120 164 2180 ad
186 2139 251 2181 rem
272 2119 433 2197 gerendam
455 2120 534 2178 iacit.
581 2115 629 2178 13.
659 2118 858 2198 lnprimisque
886 2119 1016 2178 hominis
1043 2131 1090 2180 est
1110 2123 1232 2200 propria
1250 2138 1267 2186 5

126 2205 190 2264 veri
210 2206 365 2283 inquisitio
381 2212 470 2283 atque
491 2203 684 2280 investigatio.
728 2203 831 2283 ltaque
846 2221 913 2263 cum
937 2222 1038 2264 sumus
1057 2208 1237 2266 necessariis

126 2290 253 2366 negotiis
283 2291 423 2368 curisque
451 2288 551 2354 vacui,
585 2296 648 2347 tum
682 2306 801 2348 aremus
828 2287 939 2368 aliquid
973 2287 1088 2358 videre,
1121 2290 1235 2360 audire,

124 2373 293 2434 addiscere:
326 2375 587 2451 cognitionemque
614 2390 715 2433 rerum
745 2381 796 2433 aut
823 2371 1007 2434 occultarum
1035 2384 1086 2435 aut
1107 2374 1235 2436 admiro-

125 2457 229 2518 bilium
251 2458 287 2517 ad
310 2457 396 2518 beate
418 2456 575 2518 vivendum
597 2459 795 2518 necessariam
818 2456 963 2521 ducimus.
1004 2459 1048 2519 Ex
1071 2479 1129 2540 quo
1151 2461 1236 2522 intel·

125 2541 243 2618 ligitur,
273 2542 353 2621 quod
375 2561 494 2613 rerum,
522 2540 648 2618 simplex
670 2544 877 2620 sincerumque
899 2545 951 2611 sit,
973 2544 1004 2603 id
1026 2563 1091 2605 esse
1112 2557 1237 2607 naturae

123 2741 207 2795 sitien
226 2759 260 2793 zu
279 2759 323 2801 se:
340 2741 424 2792 deber
441 2759 502 2808 que,
520 2739 575 2806 vgt.
595 2750 679 2793 uuteu
698 2745 792 2801 5511.
812 2759 836 2793 c.
858 2747 900 2806 15,
918 2747 943 2793 9.
963 2746 1003 2802 18,
1021 2745 1047 2795 8.
1066 2747 1110 2809 26,
1129 2750 1152 2796 1.
1181 2744 1234 2807 ΙΠ,

124 2815 165 2873 20,
184 2815 200 2863 8
218 2811 280 2877 (et).
298 2838 332 2847 -
350 2816 465 2861 tuentur
484 2807 563 2860 nicht
579 2808 650 2860 bloss
668 2809 809 2873 scbdtzen,
825 2808 944 2861 sonderu
962 2808 1098 2875 erbslteu,
1116 2812 1235 2873 uibreu;

124 2878 282 2945 uberhaupt
299 2876 416 2944 sorgend
435 2876 486 2995 afqi
499 2887 585 2928 etwss
601 2875 694 2943 seben,
712 2876 767 2943 rgl.
787 2893 809 2932 e.
827 2881 870 2943 25,
890 2882 957 2928 1-4
969 2876 1093 2942 dreimsl,
1112 2895 1137 2930 u.
1155 2897 1179 2935 e.
1191 2884 1235 2944 27,

125 2950 481 3009 semmua.
1169 2956 1173 2962 ·

191 3018 218 3066 ἲ.
238 3014 385 3066 Commune
396 3020 482 3064 etwas
497 3010 792 3079 gemeimebsitliebes;
811 3011 1023 3064 substantiviseb
1036 3013 1107 3066 noch
1119 3013 1233 3081 griechi-

125 3079 204 3132 seber
219 3080 326 3140 Weise,
349 3080 402 3132 wie
425 3080 460 3132 sd
476 3079 540 3135 ism.
558 3079 607 3142 VI,
624 3085 657 3132 21
682 3077 801 3131 omnium
819 3096 909 3131 rerum
930 3097 1002 3132 mors
1019 3092 1062 3133 est
1078 3092 1235 3145 extremum,

127 3147 185 3198 und
203 3147 297 3201 Oride
315 3148 409 3200 Triste
425 3147 508 3216 lupus
523 3147 653 3210 stabulis3
673 3146 725 3214 vgl.
744 3164 767 3198 e.
787 3152 828 3208 17,
846 3153 872 3199 4.
891 3176 922 3185 —
946 3150 1042 3209 idun,-
1064 3150 1235 3215 gewdbnlieh

125 3215 163 3268 ist
184 3215 271 3267 bestia
292 3216 341 3269 der
359 3218 517 3283 Gegeusstz
540 3232 602 3267 zum
620 3213 785 3279 Mensem,
811 3214 848 3267 ds
868 3216 949 3269 belus
968 3216 1038 3268 noch
1056 3217 1107 3268 den
1124 3217 1234 3269 Neben-

123 3283 226 3350 begriff
241 3283 517 3337 auseerordentlicber
534 3284 634 3336 Grisse
652 3283 840 3349 (Ungebeuer)
859 3283 923 3348 bst;
942 3283 997 3352 vgl.
1016 3302 1038 3336 e.
1056 3291 1098 3347 30,
1116 3287 1181 3338 Ani.
1201 3314 1234 3323 —

124 3378 159 3387 —
175 3358 294 3413 tontum,
312 3361 449 3420 quantuni
461 3370 484 3405 s.
496 3371 565 3408 moe.
578 3351 734 3405 adverbisle
745 3351 933 3419 bestimmung
944 3368 979 3403 zu
991 3368 1021 3402 se
1035 3354 1233 3413 sceommodst;

126 3434 236 3470 nureo
254 3419 329 3485 weit,
348 3421 403 3483 sls3
423 3439 439 3472 v
460 3419 476 3472 Ι,
496 3424 520 3475 9.
538 3426 556 3472 4
573 3420 622 3479 its.
640 3421 664 3473 si
681 3444 715 3464 =
734 3436 798 3472 nur
819 3420 910 3483 deun,
928 3436 1019 3475 wenn.
1036 3451 1071 3460 -
1089 3439 1172 3474 sensu
1190 3421 1233 3472 die

124 3484 320 3551 Sinnlichkeiq
337 3486 395 3566 also
413 3437 538 3539 coileetir
556 3488 603 3541 scir
614 3489 716 3553 stane,
734 3486 788 3568 egl.
808 3497 892 3541 unten
911 3491 957 3551 §⁷
976 3498 1089 3556 aspectu
1107 3489 1234 3542 sentiun-

124 3560 179 3605 tur.
199 3581 234 3590 -
251 3556 330 3606 adest
355 3571 392 3606 rm
409 3554 513 3620 Mum,
535 3573 668 3622 praesens
696 3562 737 3607 est
757 3572 787 3606 ιιι
811 3556 861 3608 der
878 3555 950 3607 zeie
970 3584 1003 3592 -
1025 3573 1190 3625 propressus
1208 3563 1234 3606 et

125 3622 208 3684 qussi
226 3622 423 3674 antecessiones
434 3623 626 3692 (eonsumm);
640 3630 754 3675 ersteres
766 3621 809 3674 die
820 3622 1022 3689 Entwicklung
1034 3623 1081 3675 der
1092 3622 1234 3675 Ursaeben

125 3685 154 3736 in
173 3685 258 3738 ibrem
275 3689 492 3756 Fortsebreiten,
509 3691 535 3743 d.
556 3691 584 3747 b,
601 3691 631 3743 in
649 3690 727 3741 ihren
745 3688 936 3758 Wirkungen3
956 3690 1082 3742 letsteres
1101 3690 1144 3741 die
1161 3690 1234 3743 Vor-

125 3754 214 3820 gdnge
237 3753 391 3821 derselben,
408 3757 435 3809 d.
454 3758 479 3810 b.
504 3775 560 3810 παι
582 3759 657 3811 einer
676 3756 759 3824 jeden
783 3773 1013 3825 vornngegangen
1031 3758 1083 3823 ist;
1110 3759 1166 3810 slso
1184 3757 1234 3809 der

127 3821 366 3890 Zusammenbung
388 3823 437 3876 der
458 3826 598 3877 Ursaeben
621 3825 755 3876 vorwirts
774 3825 829 3877 und
852 3825 1013 3878 ricluwirts.
1032 3853 1065 3862 -
1087 3827 1233 3877 celebratio

125 3888 174 3941 der
200 3889 353 3942 zsblreiebe
371 3891 478 3944 Besudt
503 3893 578 3946 eines
605 3893 703 3953 ortes,
730 3893 839 3954 Festes3
874 3893 957 3944 daber
983 3893 1110 3944 iestliehe
1137 3893 1232 3953 Feier;

126 3955 269 4010 celebritas
287 3957 409 4026 dsgegen
427 3959 471 4012 die
483 3959 661 4012 Besucbtbeit
678 3958 752 4011 eines
766 3960 863 4024 Ortes,
880 3960 964 4012 daber
983 3960 1180 4013 Berdbmtbeit.
1200 3995 1233 4003 -

125 4027 303 4092 suppeditent
320 4026 379 4080 bier
390 4027 558 4092 intransitio,
575 4028 628 4079 wie
643 4027 727 4079 Tusc,
747 4027 782 4090 V,
799 4033 831 4080 3⁸1
852 4038 891 4094 ut,
909 4045 1070 4097 quoeunque
1087 4028 1155 4080 hsec
1173 4028 1232 4078 loco

125 4093 310 4161 suppeditent,
328 4095 366 4147 ibi
383 4097 461 4148 beate
479 4103 583 4163 queunt
599 4094 700 4159 vivere,
717 4112 743 4152 u.
762 4096 841 4152 diter.

192 4163 218 4213 5.
235 4162 422 4232 inprimisque
442 4162 497 4231 vgl.
518 4163 659 4229 11,es‚r.
678 4189 712 4200 -
736 4166 851 4233 simplex
868 4165 1059 4232 sincerumque
1084 4163 1173 4214 bilden
1193 4161 1233 4213 als

124 4244 263 4297 synonym
280 4228 323 4280 die
334 4230 508 4300 Erginnung
525 4248 560 4284 zu
578 4248 687 4296 verum
706 4232 841 4285 sincerum
854 4256 887 4276 =
900 4231 969 4284 ohne
981 4230 1158 4296 fremdsrtige
1171 4228 1233 4280 Rei-
