2826 4748
429 284 499 329 ma.
524 284 560 329 11.
595 283 670 331 car.
694 284 765 331 xw.
795 285 853 334 xv.
896 289 901 298 ·
1142 268 1202 332 199

83 421 241 491 auderem,
279 423 336 481 nisi
368 421 448 482 idem
481 422 612 500 placeret
640 425 818 500 gravissimo
853 422 1020 482 Stoicorum
1048 423 1199 484 Panaetio.

80 505 207 566 Maxime
229 514 327 566 autem
351 515 381 567 et
403 506 496 583 gloria
518 508 633 584 paritur
660 518 690 566 et
715 509 808 584 gratia
839 506 1075 568 defensionibus:
1106 527 1200 585 eoque
1220 521 1252 570 18

80 592 184 660 maior,
218 592 243 649 si
277 591 395 668 quando
418 590 536 657 accidit,
571 603 605 650 ut
633 593 659 650 ei
683 592 884 661 subveniatur,
915 593 966 672 qui
997 593 1126 670 potentis
1148 592 1200 652 ali-

80 677 168 734 cuius
190 673 299 751 opibus
322 677 530 735 circumveniri
555 677 714 753 urgerlque
737 675 887 745 videatur,
917 685 950 736 ut
977 695 1032 736 nos
1060 687 1090 737 et
1112 695 1201 755 saepe

81 758 162 821 alias.
192 770 223 819 et
250 759 453 819 adolescentes
481 768 582 820 contra
615 760 647 820 b.
673 759 771 820 Sullae
795 759 974 820 dominantis
995 780 1068 840 opes
1090 778 1146 838 pro
1170 762 1200 821 S.

80 841 187 902 Roscio
210 845 350 904 Amerino
372 845 512 904 lecimus:
536 863 620 923 quae,
645 853 677 904 ut
698 846 766 913 scis,
790 854 869 904 extat
891 849 997 909 oratio.
1219 856 1249 903 19

164 924 214 989 52.
238 929 297 987 led
326 930 465 1006 expositis
492 928 724 988 adolescentium
754 931 876 997 officiis,
914 948 989 1007 qaae
1019 929 1135 989 valeant
1164 929 1199 989 ad
1214 931 1252 996 15

79 1011 205 1089 gloriam
228 1013 457 1092 adipiscendam,
475 1014 615 1092 deinceps
631 1013 666 1073 de
683 1012 939 1074 beneficentia
955 1033 989 1073 ac
1005 1013 1041 1074 de
1056 1013 1199 1073 libera·

80 1096 192 1156 litate
216 1097 374 1157 dicendum
398 1107 452 1162 est.
497 1099 587 1159 Cuius
611 1107 655 1156 est
677 1100 752 1159 ratio
780 1097 901 1176 duplex:
934 1117 1001 1158 nam
1029 1108 1079 1157 aut
1107 1107 1233 1174 operat

81 1180 212 1257 benigne
234 1183 266 1241 lit
281 1182 491 1258 indigentibus,
515 1191 565 1242 aut
579 1185 717 1261 pecunia.
750 1182 876 1242 Facilior
891 1191 936 1241 est
951 1183 1025 1243 baec
1041 1185 1198 1259 posterior,

80 1264 222 1343 locupleti
246 1270 437 1344 praesertim:
461 1267 512 1325 sed
528 1266 577 1326 illa
601 1266 709 1327 lautior
732 1285 766 1326 ac
788 1267 973 1345 splendidior
996 1279 1026 1326 et
1047 1269 1108 1327 viro
1132 1268 1200 1326 lorti

82 1350 222 1426 claroque
245 1350 370 1426 dignior.
405 1350 588 1430 Quamquam
612 1347 690 1411 enim
713 1353 743 1410 in
767 1360 894 1428 utroque
916 1354 995 1412 inest
1018 1351 1236 1426 gratificandiu

83 1434 215 1494 liberalis
239 1434 382 1510 voluutas,
405 1445 504 1495 tamen
521 1435 613 1496 altera
631 1454 667 1495 ex
690 1454 768 1504 arca,
792 1437 884 1496 altera
901 1455 936 1494 ex
961 1438 1069 1495 virtute
1092 1436 1202 1511 depro-

84 1520 191 1588 rnilur;
213 1519 399 1598 largitioque,
423 1539 499 1597 quae
520 1522 553 1580 m
574 1539 609 1581 ex
631 1539 663 1580 re
685 1520 835 1589 familiari,
860 1521 971 1579 l'ontern
995 1523 1092 1598 ipsum
1116 1519 1201 1578 beni·

81 1605 203 1680 guilatis
226 1604 371 1664 exhaurit.
401 1604 443 1663 Ita
469 1605 649 1682 benignitate
666 1603 831 1682 benignitas
855 1603 981 1674 tollitur;
1008 1623 1064 1681 qua
1087 1622 1145 1683 quo
1170 1607 1200 1663 in

81 1689 181 1767 plures
204 1706 273 1747 usus
296 1691 347 1758 sis,
371 1707 406 1747 eo
430 1690 528 1748 nunus
551 1692 581 1749 in
597 1688 704 1748 multos
719 1692 760 1748 uti
778 1690 884 1765 possis,
907 1687 956 1752 53.
981 1694 1016 1749 m
1031 1691 1082 1767 qul
1098 1706 1199 1766 opera,
1219 1693 1236 1741 4

81 1772 110 1830 id
135 1782 180 1831 est
202 1773 307 1832 virtute
332 1782 360 1834 et
383 1773 544 1842 industria,
570 1773 693 1834 benefici
723 1782 752 1833 et
780 1773 919 1834 liberales
942 1785 1043 1832 erunt:
1073 1776 1201 1850 primum

83 1875 141 1935 quo
164 1856 300 1934 pluribus
323 1858 505 1934 proluerint,
530 1877 565 1916 eo
589 1857 689 1933 plures
712 1858 747 1917 ad
772 1857 901 1935 benigne
923 1857 1093 1917 faciendum
1118 1857 1201 1916 adiu-

77 1951 163 2000 tores
192 1941 362 2014 babebunt3
393 1940 501 2000 deiude
530 1943 745 2002 consuetudine
780 1942 1006 2002 beneficientiae
1036 1944 1234 2019 paratioresb

82 2035 171 2085 eruut
187 2035 215 2085 et
232 2035 380 2102 tamquam
398 2027 621 2085 exercitatiores
636 2026 672 2084 ad
695 2024 771 2084 bene
792 2025 828 2084 de
842 2026 942 2084 multis
957 2025 1199 2103 promerendum.

81 2109 238 2170 Praeclare
260 2112 290 2170 in
313 2109 435 2186 epistola
458 2110 585 2186 quadam
608 2110 805 2170 Alexandrum
829 2108 920 2169 lilium
938 2108 1090 2186 Philippus
1113 2128 1201 2169 accu·
1221 2114 1236 2160 6

81 2204 133 2260 sat,
158 2195 235 2272 qrrod
260 2193 416 2272 largitione
440 2193 667 2254 benivolentiam
685 2195 878 2254 Macedonum
895 2202 1093 2254 consectetur.
1119 2193 1203 2264 Quae

80 2287 110 2338 te
131 2282 254 2352 malam,
279 2281 381 2357 inquit,
405 2283 486 2339 ratio
509 2283 541 2339 r'a
563 2277 650 2339 istam
672 2296 753 2354 spem
770 2281 898 2346 induxit,
923 2287 955 2339 at
970 2295 1020 2338 eos
1034 2279 1087 2336 tibi
1097 2280 1203 2350 fideles

149 2466 190 2514 18.
212 2463 286 2513 atior
311 2459 355 2512 bei
383 2461 502 2513 anderen
523 2461 754 2527 Gelegenheiten3
782 2461 904 2527 dagegeu
933 2461 1014 2513 aliter
1036 2460 1066 2511 in
1091 2459 1202 2511 anderrn

83 2527 172 2591 Folle,
190 2547 211 2582 s.
231 2529 255 2591 Ι,
273 2533 313 2591 39,
332 2532 356 2579 6.
375 2558 408 2566 -
428 2529 815 2588 adulescente3501cerowar
834 2528 936 2580 damals
954 2534 987 2580 ’26
1006 2529 1076 2580 Jabr
1093 2530 1146 2589 alt;
1168 2545 1202 2578 zu

81 2595 214 2647 beacbten
242 2597 278 2648 ist
299 2597 349 2647 der
370 2596 475 2647 Plural.
498 2625 531 2633 -
554 2598 724 2647 dominantia
747 2597 906 2648 bezeiclmet
927 2597 980 2648 den
1005 2595 1201 2660 unberecbtigt

81 2661 309 2727 Herrscbenden,
332 2663 382 2714 wie
405 2663 556 2715 dominatio
580 2664 621 2715 ost
641 2687 676 2707 =
694 2664 846 2731 Tyrannei.
868 2672 998 2715 —extat
1020 2663 1060 2714 sie
1083 2663 1119 2713 ist
1137 2680 1201 2714 vor-

83 2730 194 2783 bauden
214 2732 259 2783 liar
277 2730 325 2782 das
344 2731 497 2789 Publicum,
520 2749 541 2782 s.
562 2732 630 2783 oben
653 2737 676 2790 §2
696 2736 726 2793 23
755 2730 865 2781 iibnlich
889 2731 926 2782 ist
949 2747 1029 2783 unser
1047 2730 1201 2782 deutscbes:

85 2799 231 2850 aursteben
251 2797 300 2850 mit
317 2807 403 2850 etwas
414 2821 448 2842 =
461 2798 603 2850 bffentlicb
621 2799 668 2850 feil
687 2798 786 2852 baben.

579 2937 649 2985 er.
670 2936 709 2985 15.

155 3025 178 3069 1.
201 3019 339 3084 deinceps,
356 3017 412 3082 vgl.
430 3017 453 3081 Ι,
474 3035 498 3068 c.
516 3021 560 3082 45,
578 3023 603 3071 8.
623 3045 654 3053 -
677 3018 778 3078 Cuius,
807 3017 856 3068 der
874 3015 1007 3082 Singular
1033 3015 1114 3082 zeigt,
1141 3016 1203 3067 dass

83 3084 129 3134 die
147 3084 237 3137 benef.
258 3085 314 3135 und
333 3083 483 3135 liberalitas
501 3102 553 3134 vou
568 3085 665 3135 Cicero
679 3084 717 3135 als
731 3085 799 3135 Eius
813 3084 1071 3150 zusammengeiasst
1084 3084 1206 3147 werden,

83 3149 208 3217 obgleicb
226 3151 269 3201 die
287 3150 431 3216 verberige
449 3150 663 3216 Wiederbolung
675 3152 723 3202 der
735 3152 910 3220 Priiposition
932 3155 964 3203 de
977 3151 1037 3203 eine
1050 3151 1205 3217 Treunung

82 3230 220 3270 erwarten
240 3219 315 3277 liess;
335 3218 383 3269 der
402 3219 576 3285 umgelrebrte
594 3218 655 3270 Fall
673 3219 710 3271 ist
729 3237 751 3270 c.
773 3225 813 3280 13,
833 3224 873 3272 10,
905 3218 967 3285 Vgl.
988 3220 1100 3282 auehi,
1120 3225 1203 3275 0.,14.

84 3293 96 3337 1
118 3287 174 3337 und
192 3287 229 3348 ΙΙ,
248 3291 273 3349 1,
292 3292 316 3338 2.
337 3313 368 3323 ·-
389 3304 483 3353 opera,
502 3286 557 3352 vgl.
576 3289 634 3350 §.4
653 3303 678 3337 u.
697 3304 719 3338 c.
740 3293 766 3353 3,
786 3293 825 3340 13.
843 3315 877 3324 —
895 3289 1016 3353 lautior,
1041 3295 1126 3339 unten
1144 3291 1204 3351 §.8

83 3353 234 3420 honestior,
255 3353 440 3418 austindiger.

151 3429 175 3474 3.
194 3431 313 3485 utroque
332 3422 407 3473 lranu
426 3421 466 3472 als
489 3419 625 3473 Masculin
654 3421 705 3473 auf
725 3421 768 3472 die
790 3422 1030 3488 verbergebendeu
1052 3422 1204 3484 Personen,

83 3488 185 3539 welche
208 3507 238 3540 so
263 3488 396 3553 tandein,
414 3489 537 3556 beregen
557 3488 681 3551 werden3
707 3489 781 3541 danu
807 3490 891 3542 beiaet
915 3492 1004 3540 altera
1026 3508 1047 3540 s.
1067 3507 1091 3539 v.
1112 3507 1135 3542 a.
1155 3489 1204 3538 der

84 3555 167 3605 Wille
185 3555 231 3606 des
249 3555 354 3617 Einen3
375 3557 440 3608 oder
458 3566 576 3624 utroque
593 3556 630 3607 ist
641 3580 675 3599 =
688 3567 807 3624 utraque
820 3575 860 3620 re,
878 3560 968 3609 altera
982 3557 1047 3607 aber
1057 3555 1203 3623 jedenlalls

86 3622 137 3673 aut*
154 3622 230 3674 liber.
248 3624 384 3684 voluntas,
404 3623 568 3690 freigebiger
580 3623 667 3688 Sinn,
686 3642 719 3675 zu
733 3624 874 3688 bezieben,
897 3640 932 3675 zu
951 3623 1069 3674 welcber
1087 3622 1145 3673 bier
1162 3622 1204 3673 die

85 3692 209 3755 largitio,
234 3689 281 3741 das
304 3690 454 3756 freigebige
472 3692 627 3755 Sebenlren,
650 3691 689 3743 als
709 3694 865 3758 Gegensatz
883 3689 1028 3743 erscbeint.
1050 3719 1081 3727 -
1100 3693 1204 3741 virtute

82 3757 282 3823 Tiicbtigkeit,
305 3758 452 3823 Fabiglreit
474 3771 560 3810 etwas
588 3776 621 3810 zu
650 3759 756 3810 leisteu.
775 3777 880 3826 ——quo
903 3775 937 3809 au
962 3759 1053 3825 plures
1071 3757 1201 3824 gebiirig;

82 3844 139 3892 qua
168 3826 232 3876 aber
261 3824 310 3876 mit
338 3824 424 3875 deun
452 3826 627 3892 aulzuldsen,
654 3827 707 3893 vgl.
730 3827 754 3892 Ι,
771 3831 813 3892 45,
833 3833 857 3879 9.
898 3826 954 3876 Der
977 3826 1144 3893 Conjunctiv
1167 3827 1204 3877 ist

85 3892 232 3962 potential,
250 3892 307 3957 vgl.
326 3891 350 3956 1,
368 3897 408 3942 24.
428 3896 452 3942 2.

151 3967 176 4016 4.
194 3961 348 4024 industria,
368 3977 391 4010 z.
408 3959 438 4009 Βι
458 3976 479 4009 c.
495 3965 535 4022 14,
549 3965 564 4012 9
577 3960 652 4011 Fufii
664 3960 807 4014 industria.
824 3990 853 3998 —-
867 3963 1025 4019 adiutores,-
1044 3961 1086 4010 die
1099 3961 1203 4011 Uuter-

83 4027 205 4079 stirtzten
225 4027 334 4079 werden
353 4027 445 4077 ferner
464 4044 512 4079 aue
532 4027 720 4079 Danlrbarlreit
739 4045 790 4079 uus
809 4028 896 4079 belfeu
917 4029 1025 4080 Andere
1048 4046 1083 4078 zu
1100 4037 1203 4089 ¹unter-

84 4095 205 4148 sttitzen.
219 4125 251 4132 -
264 4097 422 4162 paratiores
435 4103 518 4145 errent
530 4094 644 4145 benefici
655 4105 683 4145 et
695 4094 827 4146 liberales.
845 4123 871 4133 -
884 4099 963 4147 ad-
976 4099 1202 4163 promerendum

84 4162 152 4212 iiber
169 4162 212 4213 die
228 4163 384 4229 Trennung
402 4162 449 4213 der
469 4162 642 4229 Praiposition
668 4179 721 4213 von
740 4162 826 4214 ibrem
845 4163 931 4216 Casus
949 4165 1002 4230 vgl.
1024 4180 1046 4214 c.
1068 4167 1109 4227 19,
1127 4167 1151 4214 6,
1170 4191 1203 4200 -

81 4232 204 4280 malurn!
227 4231 332 4283 Ausruf
351 4231 397 4282 des
416 4230 586 4294 Unwillens‚
614 4239 685 4281 etwa
710 4247 830 4294 uuserm,
858 4231 967 4283 sreilich
995 4230 1111 4282 unedleu
1131 4233 1203 4282 Aus-
