2826 4748
450 278 520 323 Lm.
544 278 595 324 111.
627 277 702 324 etr.
727 278 798 324 xxt.
822 279 909 325 xxu.
1178 263 1237 326 tit

224 413 317 475 Multi
336 418 434 490 iniqui
454 423 545 492 atque
567 413 702 489 t'nfideles
724 416 833 490 re'pno,
854 420 953 492 pauci
971 414 1042 478 seint
1062 418 1139 491 boni,
1183 460 1187 468 ·
1260 435 1292 482 tt

124 500 219 580 inquit
240 501 344 559 Attius.
383 505 418 559 At
441 503 490 561 eui
505 504 619 578 regno?
642 500 727 570 Quod
744 519 759 559 a
775 501 899 560 Tantalo
915 508 945 560 et
965 501 1072 580 Pelope
1089 501 1240 579 proditum

125 589 191 646 iure
215 583 414 644 obtinebatur.
454 584 527 644 Nam
547 592 657 662 quanto
674 583 776 662 plures
791 586 819 644 ei
834 587 898 662 regi
920 594 1015 662 putas,
1040 588 1089 663 qui
1108 586 1238 645 exercitu
1259 602 1290 650 13

124 668 228 747 populi
243 668 367 727 Romani
382 668 524 746 populum
545 670 642 746 ipsum
659 669 824 728 Romanum
841 671 1049 747 oppressisset,
1075 671 1239 730 civitatem·

124 771 182 830 que
205 769 264 811 non
288 752 376 813 modo
398 751 535 820 liberam,
560 751 612 812 sed
635 756 723 812 etiam
740 752 880 831 gentibus
894 754 1102 831 imperantem,
1126 756 1240 814 servire

127 836 184 896 sibi
207 837 371 913 coegisset?
408 833 459 897 85.
483 836 569 897 llunc
592 846 623 896 tu
646 856 720 915 quas
749 839 949 898 conscientiae
977 837 1060 898 labes
1088 839 1240 897 inanimo

125 937 232 980 censes
263 920 421 980 habuisse?
458 938 533 998 quae
562 920 703 980 vulnera?
739 921 830 982 Cuius
859 929 956 982 autern
986 923 1042 981 vita
1064 922 1122 1000 ipsi
1144 921 1291 1000 potest14

127 1005 208 1065 utilis
224 1022 298 1074 esse,
323 1022 389 1064 curn
406 1007 470 1064 eius
486 1007 561 1065 vitae
578 1023 612 1064 ea
628 1004 764 1065 condicio
784 1008 831 1074 sit,
845 1014 898 1073 -ut,
922 1008 974 1083 qui
988 1003 1066 1065 illam
1084 1006 1238 1083 eripuerit,

128 1091 159 1149 in
182 1089 308 1148 maxima
333 1097 362 1148 et
384 1090 478 1165 gratia
505 1090 622 1149 futurus
649 1091 687 1149 sit
710 1098 738 1149 et
767 1089 879 1167 gloria?
913 1089 1024 1160 Quodsi
1061 1090 1135 1150 haec
1156 1088 1240 1149 utilia
1259 1088 1290 1137 15

130 1191 190 1232 non
218 1181 301 1237 sunt.
332 1191 406 1252 quae
437 1175 563 1232 maxime
594 1173 745 1242 videntur,
775 1176 841 1252 quia
872 1173 958 1252 plena
987 1180 1057 1233 sunt
1085 1173 1240 1232 dedecoris

122 1275 158 1318 ac
173 1257 381 1335 turpitudinis;
398 1259 470 1317 satis
485 1274 658 1333 persuasum
674 1275 740 1318 esse
756 1256 853 1327 debet,
877 1256 950 1318 nihil
967 1277 1032 1318 esse
1054 1256 1135 1326 utile,
1160 1257 1238 1333 quod

124 1360 184 1401 non
207 1340 364 1401 honestum
387 1342 433 1401 sit.

211 1422 263 1485 86.
287 1423 470 1501 Quamquam
501 1426 531 1485 id
555 1425 693 1504 quidem,
717 1443 784 1485 cum
814 1444 901 1505 saepe
925 1424 1010 1499 alias,
1038 1433 1101 1485 tum
1130 1425 1238 1504 Pyrrhi
1249 1420 1291 1482 22

125 1508 204 1569 bello
225 1510 288 1572 aC.
304 1508 451 1576 Fabricio,
474 1510 596 1570 consule
612 1513 730 1578 iterum,
755 1516 784 1568 et
804 1528 819 1569 a
835 1518 940 1584 senatu
957 1516 1058 1569 nostro
1074 1509 1239 1569 iudicatum

123 1602 179 1658 est.
207 1594 280 1654 Cum
296 1595 373 1653 enim
384 1611 436 1652 rex
445 1593 577 1673 Pyrrhus
592 1593 702 1672 populo
714 1594 847 1654 Romano
863 1593 972 1653 bellum
989 1594 1067 1653 ultro
1083 1593 1239 1661 intulisset,
1259 1605 1274 1650 2

128 1696 254 1756 euntque
271 1678 307 1736 de
322 1679 448 1755 imperio
465 1687 616 1739 certamen
632 1686 710 1738 esset
725 1696 792 1738 cum
808 1695 879 1755 rege
895 1695 1041 1755 generoso
1056 1695 1090 1736 ac
1102 1686 1238 1754 potente:

128 1762 252 1840 perfuga
276 1762 312 1822 ab
336 1781 371 1821 eo
394 1763 527 1822 venitin
550 1771 647 1823 castra
671 1761 816 1830 Fabricii,
840 1764 927 1841 eique
951 1770 996 1822 est
1017 1760 1182 1839 pollicitus,
1214 1763 1239 1821 si

126 1848 292 1923 praemium
321 1846 378 1904 sibi
406 1849 625 1924 proposuisset,
655 1865 697 1914 se,
727 1855 761 1906 ut
782 1845 858 1906 clam
882 1847 1020 1911 venisset,
1045 1848 1088 1906 sic
1110 1844 1185 1905 clam
1209 1846 1239 1905 in

125 1928 233 2008 Pyrrhi
265 1936 360 1990 eastra
393 1930 575 1998 rediturum,
609 1938 638 1989 et
666 1930 739 1990 eum‘
772 1948 886 1989 veneno
919 1939 1104 1989 necaturum.
1154 1929 1239 1991 Hunc

126 2013 283 2074 Fabricius
311 2012 516 2073 reducendum
546 2015 658 2072 curavit
679 2013 715 2072 ad
738 2013 902 2092 Pyrrhum:
930 2013 1020 2091 idque
1044 2015 1107 2072 eius
1130 2012 1239 2073 sactum

123 2096 274 2159 laudatum
298 2117 313 2158 a
337 2104 440 2157 senatu
463 2106 515 2157 est.
554 2099 643 2176 Atqui
667 2099 691 2158 si
714 2099 844 2176 speciem
861 2094 994 2157 utilitatis
1009 2098 1274 2176 opinionemque3

124 2183 305 2259 quaerimus
330 2199 469 2259 magnum
493 2180 565 2241 illud
595 2180 705 2240 bellum
735 2182 860 2259 perfuga
890 2199 966 2241 unus
997 2189 1026 2240 et
1047 2198 1165 2258 gravem
1190 2181 1239 2239 ad-

124 2268 288 2326 versarium
310 2267 429 2344 imperii
451 2265 635 2326 sustulisset:
659 2264 711 2325 sed
735 2283 874 2344 magnum
895 2265 1024 2326 dedecus
1040 2272 1069 2325 et
1085 2264 1237 2342 flagitium,

123 2352 242 2430 quicum
272 2349 367 2411 laudis
396 2356 548 2409 certamen
571 2350 684 2418 luisset,
716 2367 782 2409 eum
810 2368 870 2410 non
894 2350 1016 2418 virtute,
1046 2348 1099 2409 sed
1122 2348 1239 2431 sceler-e·

124 2442 306 2512 superatum.
352 2431 403 2495 87.
427 2435 532 2494 Utrum
556 2437 648 2512 igitur
671 2435 771 2495 utilius
800 2434 844 2493 vel
868 2433 1016 2502 Fabricio,
1047 2434 1097 2513 qui
1119 2432 1186 2493 talis
1208 2434 1273 2496 int

125 2518 180 2576 hac
203 2518 286 2586 urbe,
311 2520 405 2592 qualis
428 2519 571 2578 Aristides
594 2520 718 2578 Athenis
742 2519 809 2586 luit,
840 2518 882 2577 vel
913 2521 1027 2578 senatui
1052 2528 1166 2592 nostro,
1190 2519 1241 2596 qui

124 2620 274 2680 nunquam
290 2603 447 2662 utilitatem
469 2621 485 2661 a
502 2601 642 2678 dignitate
659 2605 797 2670 seiunxit,
822 2604 911 2662 armis
927 2621 994 2662 erim
1012 2602 1096 2662 hoste
1113 2611 1238 2668 certare,

192 2803 232 2851 te.
253 2800 341 2852 Multi
366 2799 489 2851 Tetram.
517 2799 605 2854 troeh,
634 2798 716 2851 catal.
744 2827 776 2835 —
805 2799 919 2849 honi:
935 2797 1075 2863 benevoli,
1100 2797 1189 2850 amici.
1207 2827 1241 2835 -—

126 2869 230 2932 Attius,
251 2867 320 2919 auch
340 2865 435 2918 Actius
454 2865 520 2918 oder
538 2865 637 2918 Accius
655 2873 788 2932 genennt,
811 2865 856 2916 ein
874 2863 1012 2931 Tragilter
1036 2872 1121 2917 etwas
1135 2865 1240 2932 jfinger

127 2935 168 2986 als
186 2934 303 2986 Terenz.
325 2963 355 2972 —
375 2953 392 2985 a
413 2934 536 2986 Tantalo
554 2963 583 2972 -
599 2936 754 3001 proditum,
774 2931 890 2983 ndmlich
913 2931 961 2984 das
980 2932 1025 2984 des
1045 2935 1159 2992 Atreus3
1179 2932 1239 2986 Cic.

123 3001 196 3068 folgt
214 3002 271 3055 also
289 3000 466 3069 cornipeta,
490 3001 533 3053 die
555 3000 606 3051 den
625 2999 762 3052 Tantalus
781 2998 873 3066 Kdnig
894 3017 947 3051 von
967 3003 1072 3066 Argos,
1092 2999 1168 3051 nicht
1184 3017 1238 3050 von

124 3069 265 3136 Phrygien
286 3074 385 3132 nennt3
405 3069 548 3136 proditum
560 3067 663 3119 erblich
677 3066 845 3131 tiberliefert,
864 3066 920 3119 also
934 3065 1120 3133 rechtmfissig.

54 3203 56 3206 y
195 3142 235 3188 13.
256 3137 344 3196 Nom;
365 3153 393 3187 es
416 3152 478 3202 mag
501 3135 560 3187 hier
582 3134 657 3186 wohl
675 3137 731 3186 iam
749 3133 900 3202 gestanden
925 3133 1012 3187 haben
1032 3134 1088 3186 und
1106 3134 1190 3186 echon
1210 3134 1239 3186 in

122 3202 198 3254 einer
215 3203 278 3254 sehr
296 3203 370 3255 alten
388 3203 528 3256 Handseb.
549 3202 738 3254 verschrieben
755 3202 814 3253 sein
838 3201 903 3267 (vgl.
919 3202 986 3253 oben
1000 3207 1016 3265 §
1028 3203 1073 3268 4);
1102 3201 1173 3253 denn
1192 3201 1240 3253 der

123 3271 195 3322 Sinn
214 3270 350 3323 erfordert
368 3270 425 3323 hier
444 3271 568 3323 offenbar
586 3271 630 3321 ein
646 3269 850 3322 Fortschreiten
870 3285 904 3320 au
923 3270 1088 3328 Grbsserem,
1110 3269 1240 3320 wahrend

125 3355 187 3389 nam
213 3355 266 3389 nur
293 3338 379 3390 durch
404 3338 464 3390 eine
487 3338 550 3390 sehr
571 3353 760 3405 getwangene
776 3336 882 3404 Ellipse
905 3336 1087 3389 verstdndlich
1104 3335 1154 3398 ist;
1183 3337 1238 3402 vgl.

124 3421 147 3455 c.
167 3408 209 3469 29,
229 3411 270 3457 tt.
287 3435 319 3442 —
340 3407 364 3458 ei
382 3408 441 3471 rept'
459 3405 588 3468 Caesari3
611 3404 659 3456 der
677 3404 761 3485 Datin
778 3404 935 3471 entepricht
952 3405 1012 3455 dem
1031 3406 1077 3455 eui
1095 3421 1188 3483 repro.
1204 3433 1242 3483 .-

123 3481 376 3590 ttlntttttt‘
392 3471 882 3607 blitildestiltltgt‘tdl‘tl
901 3470 1245 3604 lelld⁰d¹sslsegllffill

124 3605 228 3656 Caesar
244 3605 282 3656 ist
298 3623 329 3657 er
347 3607 453 3658 heilich
471 3626 502 3659 so
515 3606 655 3675 einseitig‚
675 3605 783 3670 wiell,
802 3623 824 3656 c.
845 3610 868 3664 7,
887 3611 902 3657 3
921 3604 976 3655 und
1002 3608 1041 3659 11.
1063 3609 1103 3656 11.
1123 3605 1241 3655 -haec

123 3671 215 3724 solche
232 3673 335 3739 Dinge3
355 3674 408 3740 vgl.
424 3680 470 3738 viil,
489 3680 513 3727 6.
1252 3686 1254 3690 ’

614 3794 686 3842 Kar.
705 3794 746 3842 2⁴2.

195 3879 216 3925 t.
236 3875 425 3941 Quamquam
447 3873 502 3941 vgl.
531 3874 553 3939 l,
573 3880 595 3930 9.
619 3879 647 3926 t:
671 3872 731 3926 hier
754 3873 831 3926 stelit
849 3872 945 3925 Cicero
968 3872 1011 3924 die
1034 3889 1121 3940 gente
1145 3872 1240 3938 rorigo

124 3941 353 4008 Beweisfribruug
384 3941 423 3993 als
455 3941 691 4008 gewissermassen
722 3941 807 3993 durch
839 3940 887 3992 das
911 3938 1031 4008 Beispiel
1061 3941 1108 3992 des
1139 3941 1238 3992 Senats

124 4008 288 4076 tiberfltissig
310 4008 368 4064 hin.
387 4039 421 4047 -
445 4013 478 4061 de
501 4010 630 4077 imperim·
651 4008 707 4075 vgl.
725 4009 747 4075 Ι,
768 4026 790 4061 c.
811 4013 850 4069 12,
869 4013 894 4060 5.
911 4037 944 4045 -
962 4009 1153 4076 proposuisset
1177 4023 1240 4058 aus-

123 4084 220 4196 mtde:
233 4145 318 4210 Atqui
336 4143 400 4195 Und
418 4141 498 4196 doch.
513 4172 544 4181 —
558 4143 724 4211 opinionem,
745 4142 861 4194 ndmlich
879 4142 964 4209 vulgi,
983 4142 1035 4192 wie
1048 4159 1072 4192 e.
1085 4145 1129 4205 21,
1149 4145 1188 4192 td.
1208 4170 1239 4178 —

122 4212 172 4277 qui
189 4229 334 4279 nunquam
348 4250 374 4263 ..
393 4212 531 4276 amanam
550 4211 643 4264 solche
657 4211 886 4279 Bebaoptungeu‚
903 4209 947 4261 die
961 4207 1056 4261 Cicero
1075 4208 1159 4260 selbot
1177 4224 1239 4260 anm
