2826 4748
222 268 284 331 128
665 283 713 329 nn
737 282 884 331 currens

183 437 204 485 ·3
222 441 324 483 rerum
347 422 537 484 creditarum.
574 421 732 501 Nunquam
748 422 950 482 vehementius
973 431 1070 482 actum
1092 429 1146 492 est,
1171 440 1260 501 quam
1284 441 1332 482 me

222 505 353 576 consule,
376 525 413 566 ne
436 507 608 567 solveretur.
648 509 744 567 Armis
760 515 789 567 et
804 510 910 568 castris
925 512 1035 568 tentata
1056 524 1106 567 res
1122 515 1167 566 est
1190 505 1225 566 ab
1249 510 1334 568 omni

221 611 331 669 genere
345 592 499 652 hominum
515 599 544 651 et
558 591 677 651 ordine:
695 590 803 671 quibus
819 593 858 653 ita
874 593 981 661 restiti,
997 600 1029 652 ut
1044 590 1100 651 hoc
1117 598 1210 653 totum
1223 590 1334 652 malum

223 678 259 737 de
281 676 433 756 republica
456 675 620 737 tolleretur.
664 676 819 756 Nunquam
843 695 898 737 nec
922 678 1015 736 maius
1037 695 1088 736 aes
1110 675 1238 736 alienum
1260 677 1335 746 fuit;

186 772 277 822 tneo
306 761 411 821 melius
443 779 499 820 nec
529 759 646 821 facilius
674 760 853 821 dissolutum
881 770 935 821 est.
981 760 1149 821 Fraudandi
1180 762 1258 821 enim
1281 780 1334 841 spe

180 845 351 916 §sublata
382 845 514 906 solvendi
543 846 704 905 necessitas
732 852 887 905 consecuta
917 855 970 909 est.
1015 849 1051 905 At
1081 863 1148 906 vero
1175 845 1224 905 hic
1255 864 1335 906 nunc

220 931 323 1000 victor,
348 936 410 991 tum
432 930 551 1008 quidem
574 931 675 997 victus,
699 948 773 1008 quae
797 933 948 1006 cogitarat,
973 948 1040 990 cum
1063 933 1158 1009 ipsius
1181 932 1333 1000 intererat

220 1023 282 1075 tum
307 1033 339 1074 ea
363 1016 504 1093 perfecit,
537 1031 603 1075 cum
637 1013 699 1074 eius
721 1016 781 1074 iam
802 1013 876 1074 nibil
899 1017 1064 1076 interesset.
1111 1015 1204 1076 Tanta
1236 1015 1265 1074 in
1299 1033 1336 1074 eo

220 1100 364 1179 peccandi
380 1099 471 1159 libido
487 1100 553 1167 fuit,
571 1107 602 1158 ut
617 1098 674 1158 hcc
689 1099 785 1177 ipsum
802 1119 869 1160 eum
884 1099 1046 1160 delectaret
1061 1117 1195 1179 peccare,
1220 1101 1335 1160 etiamsi

222 1202 310 1244 causa
332 1202 392 1244 nun
416 1192 502 1245 esset.

185 1283 202 1330 a
305 1264 355 1329 85.
379 1266 423 1329 Ab
451 1270 508 1328 hoc
535 1269 626 1345 igitur
647 1285 758 1346 genere
786 1267 967 1346 largitionis,
1000 1277 1033 1328 ut
1055 1269 1121 1330 aliis
1144 1269 1246 1339 detur,
1272 1269 1337 1330 aliis

221 1353 381 1422 auferatur,
406 1353 533 1414 aberunt
555 1354 586 1418 ii,
610 1356 661 1431 qui
684 1372 748 1413 rem
771 1353 918 1432 publicam
933 1353 1111 1415 tuebuntur:
1136 1356 1334 1433 inprimisque

221 1455 341 1516 operam
365 1436 485 1508 dabunt,
510 1446 542 1498 ut
563 1439 636 1496 iuris
658 1445 688 1498 et
716 1438 895 1498 iudiciorum
925 1441 1074 1518 aequitate
1097 1457 1184 1499 suum
1208 1441 1335 1517 quisque

216 1531 330 1590 teneat,
355 1530 385 1582 et
406 1540 503 1603 neque
527 1525 679 1583 tenuiores
702 1532 825 1602 propter
840 1523 1038 1584 humilitatem
1054 1525 1335 1591 circumveniantur,

220 1625 317 1686 neque
344 1605 543 1686 locupletibus
572 1607 608 1666 ad
637 1625 690 1666 sua
720 1606 764 1668 vel
793 1608 920 1668 tenenda
949 1606 993 1667 vel
1021 1607 1226 1682 recuperanda
1258 1605 1337 1666 obsit

220 1692 343 1760 invidia;
367 1701 529 1768 praeterea,
554 1691 780 1771 quibuscunque
802 1691 893 1752 rebus
922 1692 967 1751 vel
990 1689 1058 1751 belli
1080 1689 1124 1750 rel
1148 1690 1227 1751 domi
1250 1700 1335 1770 pote·

182 1783 299 1844 urtrnt,
328 1794 391 1835 rem
421 1774 568 1854 publicam
599 1784 725 1852 augeant
748 1778 885 1854 imperio,
909 1778 998 1852 agria,
1021 1773 1225 1852 vectigalibus.
1256 1774 1337 1836 llaec

220 1877 397 1938 magnorum
420 1860 574 1920 hominnm
598 1868 681 1920 sunt:
704 1861 778 1920 haec
801 1861 878 1938 apud
901 1860 1027 1920 maiores
1050 1868 1167 1920 nostros
1189 1859 1335 1920 factitata:

220 1944 293 2004 haec
316 1962 426 2022 genera
449 1944 615 2005 officiorum
646 1948 696 2024 qul
719 1953 955 2025 persequuntur,
986 1963 1052 2006 cum
1075 1963 1189 2005 summa
1212 1945 1336 2005 utilitate

217 2032 265 2089 rei
294 2029 433 2107 publicae
463 2047 597 2107 magnam
626 2029 682 2109 ipsi
712 2030 915 2109 adipiscentur
943 2038 972 2090 et
1001 2033 1126 2108 gratiam
1151 2038 1180 2089 et
1202 2028 1335 2108 gloriam.

287 2217 311 2264 3.
330 2213 422 2263 Armis
446 2220 472 2263 et
499 2213 601 2264 eastris
624 2211 770 2264 Catilinae.
794 2241 826 2250 -
846 2221 955 2264 tentato
973 2229 1016 2263 res
1035 2219 1088 2277 eet,
1115 2230 1137 2267 a.
1158 2230 1181 2266 c.
1201 2217 1244 2275 22,
1261 2217 1285 2268 9.
1305 2241 1336 2250 —-

221 2287 323 2339 toturn,·
347 2279 397 2330 wir
415 2279 526 2333 werden
544 2279 616 2331 diese
635 2280 822 2345 Bestimmnng
845 2279 927 2331 lieber
952 2279 991 2331 als
1011 2278 1119 2331 Adverb
1137 2296 1199 2331 enm
1217 2279 1337 2332 Verbum

221 2346 325 2399 eichen.
345 2376 378 2384 -
396 2347 549 2414 Nunquam
567 2365 616 2398 nec
634 2376 666 2384 -
684 2365 742 2408 nee,
762 2347 815 2413 vgl.
834 2347 856 2407 I,
877 2364 899 2398 c.
917 2352 959 2414 20,
981 2353 1008 2408 13
1027 2346 1077 2398 dus
1095 2346 1180 2398 dritte
1194 2364 1243 2398 nec
1255 2346 1337 2398 sollte

220 2414 261 2466 als
276 2413 493 2480 untergeordnet
505 2414 653 2480 cigentlieh
665 2422 693 2466 et
705 2413 771 2466 oder
783 2421 832 2466 eut
846 2414 960 2470 heissen.
979 2443 1011 2450 —
1028 2416 1155 2466 solvendi
1171 2416 1336 2472 necessitas,-

221 2481 317 2533 Cicero
329 2482 427 2534 drohte
440 2482 479 2534 als
493 2481 606 2547 Consul,
618 2481 661 2532 die
675 2481 763 2533 Griter
775 2483 824 2533 der
836 2481 990 2534 Scbnldner
1002 2480 1171 2548 nersteigern
1184 2498 1219 2533 zu
1231 2481 1334 2544 lassen3

219 2549 249 2600 in
269 2550 330 2603 Cat.
355 2550 394 2615 Il,
411 2556 437 2615 9,
461 2554 492 2603 ts
514 2549 576 2601 Meo
603 2549 734 2600 beneficio
762 2550 871 2601 tabulae
900 2567 985 2601 novae
1018 2549 1209 2617 proferentur,
1243 2567 1337 2602 verum

221 2616 417 2670 auctionariae.

288 2725 313 2774 5.
332 2721 377 2772 bic
389 2737 464 2771 nunc
476 2720 571 2773 uictor.
587 2719 687 2770 Caesar
699 2718 783 2770 durch
797 2717 840 2770 die
853 2719 1010 2786 Erhaltung
1020 2719 1109 2772 seiner
1122 2717 1337 2784 Verordnungen

219 2786 367 2853 gleichsam
387 2787 456 2838 noch
469 2787 541 2839 Herr
558 2787 603 2839 des
615 2788 737 2850 Stantem
756 2794 815 2838 turn
827 2788 936 2853 quidem
948 2789 1052 2848 victum
1070 2806 1099 2839 er
1111 2787 1229 2839 inardet
1241 2785 1337 2838 Thell-

222 2856 319 2906 nahme
342 2872 377 2906 an
397 2854 542 2906 Catilina’s
559 2854 780 2921 Verscbwdrung
803 2854 866 2906 sehr
888 2854 1050 2921 rerddchtig
1073 2871 1206 2921 geweseu.
1226 2883 1257 2891 -
1276 2873 1337 2906 eum

220 2925 312 2989 ipsius
330 2925 475 2988 intererat,
493 2931 566 2982 tum,·
588 2922 659 2974 dlese
676 2923 773 2974 Worte
796 2922 845 2974 hat
862 2939 954 2975 ausser
976 2922 1036 2974 dem
1055 2923 1138 2976 Bern.
1158 2940 1180 2972 c.
1201 2921 1271 2973 noch
1289 2922 1337 2973 der

220 2990 283 3041 sehr
302 2990 357 3042 alte
375 2990 433 3040 Pal.
455 2997 477 3040 l.
514 2990 560 3041 Sie
585 2989 730 3043 als-blosse
752 2990 954 3057 Interpolation
974 2991 1140 3053 anzusehen‚
1158 2993 1196 3040 ist
1214 2999 1336 3056 geonge,

221 3058 256 3109 da
276 3058 351 3108 nicht
363 3055 446 3108 leicht
458 3057 572 3108 demand
591 3057 630 3108 sie
641 3058 790 3122 vermisste‚
808 3075 891 3109 wenn
904 3058 943 3109 sie
954 3058 1073 3120 fehlten3
1092 3057 1136 3109 eiu
1149 3056 1337 3126 interpolator

221 3125 297 3176 hdtte
310 3125 381 3176 auch
395 3124 620 3176 wehrscheinlich
635 3125 781 3176 interesset
798 3126 985 3191 gesehrieben,
1004 3125 1091 3177 indem
1110 3142 1140 3177 er
1157 3125 1209 3176 den
1228 3124 1337 3190 folgen-

220 3193 272 3242 den
292 3194 448 3257 Gegensatz
472 3209 533 3243 zum
557 3192 664 3245 Muster
693 3194 781 3244 nehrn.
805 3222 839 3230 —
861 3212 921 3246 cunr
939 3196 1097 3253 interesset:
1125 3191 1184 3244 hier
1200 3193 1291 3244 eteckt
1308 3192 1336 3242 in

221 3259 279 3311 dem
307 3276 368 3310 cum
394 3259 439 3310 ein
466 3259 588 3322 obwol;
616 3261 646 3311 in
669 3261 727 3312 dem
750 3261 992 3327 vorbergehenden
1010 3260 1148 3313 Indicetiv
1170 3259 1230 3310 eine
1248 3258 1336 3310 blosse

221 3326 474 3392 Zeitbestimmnng.
500 3327 541 3378 Ζιι
562 3327 708 3380 Catilina‘s
726 3327 790 3380 Zeit
808 3346 867 3380 war
879 3329 980 3380 Caesar
996 3329 1049 3380 tief
1064 3326 1248 3385 verschuldet;
1267 3325 1337 3377 nach

220 3395 268 3445 der
287 3394 503 3461 Unterwerfung
522 3394 643 3447 Gatttens
662 3397 779 3447 standen
797 3396 852 3446 ihm
871 3396 962 3448 mittet
983 3396 1011 3446 in
1032 3395 1111 3446 Fdlle
1134 3411 1168 3445 zu
1187 3394 1284 3445 Gebot.
1303 3422 1336 3430 -

219 3462 372 3529 Uebrigens
391 3462 457 3529 liegt
475 3464 504 3514 in
522 3463 620 3514 diesem
634 3462 847 3530 Zugestdndniss
860 3464 981 3514 Cieero's
999 3462 1059 3514 eine
1071 3461 1270 3527 Widerlegnng
1287 3460 1336 3512 der

220 3530 364 3597 folgenden
383 3530 520 3597 Anklage:
539 3531 632 3582 Tanta
649 3531 679 3582 in
698 3548 729 3582 eo
741 3559 775 3568 —
787 3530 885 3596 tibid0;
909 3531 952 3582 die
970 3530 1093 3593 Grtinde,
1111 3529 1216 3581 welche
1234 3530 1336 3581 Caesar

221 3600 310 3666 hatte,
336 3600 384 3651 hat
400 3599 488 3650 dieser
505 3599 588 3650 selbst
606 3599 638 3649 de
660 3598 720 3650 bell.
741 3598 791 3649 cir.
809 3598 861 3660 ΙΙΙ,
883 3603 895 3650 l
920 3597 1111 3664 hberzengend
1133 3597 1284 3664 dargelegt.
1302 3626 1336 3634 -

220 3668 271 3717 boe
288 3668 379 3734 ipsum
397 3696 427 3704 -
447 3685 559 3735 peccare
581 3667 628 3731 des
650 3666 737 3718 blosse
759 3665 1008 3719 Schlechthandeln
1026 3684 1061 3718 an
1079 3665 1147 3729 sich,
1167 3667 1238 3718 ohne
1255 3664 1335 3716 einen

220 3733 332 3786 Nutzen
350 3735 439 3786 daron
458 3752 493 3786 zu
513 3734 616 3797 baben3
635 3733 691 3801 vgl.
711 3752 732 3785 c.
751 3737 775 3794 6,
794 3738 819 3785 t.

288 3840 312 3890 a.
331 3837 404 3888 iuris
427 3844 453 3888 et
475 3838 580 3899 indie,
601 3847 717 3888 ersteres
735 3834 779 3888 die
800 3836 1013 3903 Gesetzgebuug
1032 3837 1110 3889 nebat
1128 3835 1199 3888 allen
1218 3834 1335 3886 Rechts-

218 3903 401 3969 gebrducheu‚
420 3903 544 3956 letzteres
562 3904 605 3955 die
623 3903 818 3970 Handhabung
835 3904 984 3957 desselben.
998 3933 1031 3942 -
1044 3905 1189 3956 humilitus
1207 3900 1335 3967 Niedrig·

220 3971 287 4034 trefe,
300 3971 384 4022 daher
397 3970 562 4036 Ohnmecht‚
573 3972 626 4038 vgl.
638 3973 714 4024 Caes.
726 3975 750 4029 5,
764 3976 806 4026 18.
815 4001 847 4009 -
860 3974 1125 4033 circumveniantur,
1138 3971 1192 4036 vgl.
1206 3987 1228 4022 c.
1241 3973 1281 4035 14,
1294 3972 1336 4020 18.

220 4069 254 4076 -
272 4041 478 4106 recuperando,
498 4056 576 4090 wenn
595 4039 635 4091 sie
656 4038 754 4091 einrnal
772 4040 800 4091 in
820 4039 976 4106 unruhigen
995 4039 1091 4090 Zeiten
1108 4036 1267 4104 gewaltsam
1285 4036 1334 4088 das

220 4107 313 4173 lhrige
332 4105 453 4158 verloren
475 4106 569 4156 haben.
589 4135 622 4144 -
639 4109 763 4166 invidia;
781 4108 825 4158 die
847 4107 1001 4174 Missgnnst
1026 4107 1100 4157 ihres
1124 4104 1240 4157 Standes
1268 4103 1335 4155 oder

220 4174 294 4226 ihrer
317 4175 418 4226 Person
443 4173 508 4224 dari
535 4173 622 4224 ihrem
653 4184 739 4239 gnten
762 4175 866 4227 Rechte
885 4175 961 4227 nicht
984 4172 1136 4225 hinderlich
1163 4172 1282 4225 werden.
1304 4201 1335 4209 -

220 4261 281 4293 cum
300 4261 405 4296 summu
424 4249 464 4294 nt.
485 4240 611 4308 zngleich
629 4243 678 4293 mit
696 4242 761 4293 oder
780 4244 877 4305 neben,
896 4243 949 4308 vgl.
968 4243 990 4304 Ι,
1010 4245 1051 4306 38,
1070 4247 1095 4294 3.
