2826 4748
197 293 239 358 90
640 311 688 358 nr
711 311 860 360 oremus

196 448 252 510 hus
280 450 339 510 vita
368 450 488 510 omnino
521 448 599 510 nulla
629 468 693 511 esse
716 452 881 530 potuisset?
914 450 986 521 Quis
1014 451 1093 510 enim
1122 449 1219 526 aegris
1242 447 1313 508 sub-

196 537 320 604 veniret,
345 551 421 610 quae
444 542 523 595 esset
545 533 707 595 oblectatio
736 534 911 604 valentium,
942 535 993 614 qui
1015 536 1109 594 victus
1132 542 1181 594 aut
1203 531 1311 603 cultus,

197 619 255 680 nisi
277 628 336 679 tarn
352 618 446 679 multa
460 618 547 680 nobis
563 628 643 680 artes
657 620 872 689 ministrarent,
896 619 1005 700 quibus
1025 617 1142 680 exculta
1155 615 1312 678 hominum

162 704 254 767 trita
277 711 392 764 tanturn
415 704 504 764 distat
526 722 542 764 a
565 707 644 765 victu
673 713 701 764 et
724 705 806 766 cultu
828 704 1009 766 bestiarum?
1038 704 1134 765 Urbes
1158 721 1226 762 vero
1248 704 1312 762 sine

196 788 349 849 hominum
380 796 464 848 coetu
494 806 555 848 non
577 790 745 868 potuissent
765 807 821 850 nec
844 789 1008 859 aedificari,
1033 807 1088 848 nec
1111 788 1310 865 frequentari:

195 891 231 932 ex
260 891 317 952 quo
347 873 428 950 leges
457 891 615 952 moresque
644 876 807 944 constituti,
837 881 900 935 tum
929 876 1002 934 iuris
1033 891 1127 952 aequa
1151 872 1311 950 descriptio
1364 896 1370 911 ·

195 1049 352 1103 consecuta
375 1050 403 1103 et
427 1044 602 1104 verecundia
619 1051 676 1111 est;
701 1045 906 1124 effectumque,
930 1050 964 1104 ut
986 1051 1063 1104 esset
1077 1045 1137 1104 vita
1159 1043 1310 1108 munitior,

196 1133 284 1205 atque
308 1134 339 1187 nt
355 1126 452 1188 dando
475 1133 504 1187 et
520 1129 693 1206 accipiendo
709 1128 919 1207 mutandisque
934 1127 1124 1189 facultatibus
1140 1137 1169 1186 et
1183 1145 1311 1187 commo

196 1210 300 1273 dandis
323 1210 402 1271 nulla
424 1230 458 1271 re
481 1230 644 1290 egeremus.

157 1294 178 1358 5
280 1293 328 1361 16,
351 1295 514 1374 Longiores
542 1297 599 1358 hoc
625 1296 691 1358 loco
721 1317 839 1368 sumus,
869 1315 956 1378 quam
985 1315 1108 1357 necesse
1137 1304 1192 1356 est.
1238 1293 1311 1365 Quis

196 1387 239 1439 est
267 1382 361 1450 enim,
396 1383 445 1441 cui
469 1399 528 1442 non
556 1383 713 1461 perspicua
743 1385 804 1442 sint
825 1381 890 1452 illa,
915 1400 991 1461 quae
1012 1381 1149 1461 pluribus
1172 1378 1271 1440 verbis
1294 1398 1311 1438 a

193 1465 335 1526 Panaetio
369 1473 659 1537 commemorantur,
700 1469 849 1528 neminem
883 1485 980 1546 neque
1014 1467 1118 1526 ducem
1152 1463 1222 1525 belli
1254 1481 1311 1524 nec

194 1551 359 1626 principem
389 1550 469 1610 domi
497 1569 618 1629 magnas
646 1570 695 1612 res
725 1559 755 1612 et
775 1550 921 1612 salutares
944 1554 1009 1611 sine
1032 1549 1186 1611 hominum
1207 1548 1311 1610 studiis

159 1651 300 1711 agerere
328 1635 478 1712 potuisse?
506 1636 763 1697 Commemoratur
791 1635 827 1695 ab
858 1654 893 1695 eo
917 1633 1146 1703 Themistocles,
1169 1634 1310 1702 Pericles,

195 1717 297 1797 Cyrus,
313 1717 475 1794 Agesilaus,
493 1719 669 1789 Alexander,
686 1737 759 1799 quos
775 1730 863 1796 negat
878 1721 943 1780 sine
959 1718 1138 1779 adiumentis
1154 1718 1310 1778 hominurn

194 1810 291 1863 tantas
319 1821 368 1862 res
396 1803 515 1864 ellicere
541 1806 681 1883 potuisse.
727 1805 828 1866 Utitur
856 1807 889 1864 in
915 1822 948 1864 re
977 1820 1037 1864 non
1071 1802 1161 1863 dubia
1184 1800 1310 1863 testibus

193 1905 253 1947 non
277 1904 461 1948 necessarus.

158 1990 174 2037 3
276 1974 370 2050 Atque
394 1981 427 2032 ut
450 1990 570 2051 magnas
594 1972 734 2035 utilitates
757 1973 951 2052 adipiscimur
974 1973 1194 2051 conspiratione
1214 1970 1309 2031 homi·

193 2074 262 2116 num
286 2065 372 2136 atque
395 2075 555 2119 consensu:
580 2061 623 2119 sic
646 2058 727 2119 nulla
751 2066 809 2119 tam
833 2056 1015 2119 detestabilis
1038 2058 1129 2136 pestis
1153 2065 1210 2127 est,
1235 2073 1309 2134 quae

158 2159 175 2207 4
193 2158 252 2202 non
268 2141 382 2203 homini
398 2141 434 2203 ab
458 2141 577 2203 homine
594 2149 741 2203 nascatur.
779 2144 832 2203 Est
845 2143 1019 2204 Dicaearchi
1037 2141 1113 2202 liber
1135 2142 1171 2202 de
1187 2141 1309 2203 interitu

191 2358 267 2422 sind3
291 2357 387 2409 frdher
403 2359 486 2410 stand
504 2358 606 2410 multae
624 2367 697 2410 artes
715 2357 772 2410 und
790 2357 889 2427 quibus
901 2358 982 2410 rebus
1001 2357 1045 2423 (τ-
1057 2374 1109 2418 ree,
1127 2356 1252 2425 quibus),
1265 2374 1308 2409 wo

193 2425 293 2478 multoe
305 2425 390 2477 leicht
401 2425 489 2477 durch
501 2426 581 2477 einen
593 2425 794 2478 Schreiblehler
806 2424 949 2478 entstehen
963 2424 1019 2477 und
1038 2423 1158 2477 uechher
1176 2425 1257 2476 rebus
1270 2423 1310 2476 als

190 2492 350 2559 Erkhirung
363 2509 397 2544 au
408 2492 503 2561 quibus
516 2493 714 2560 eingeschoben
728 2492 838 2546 werden
849 2494 960 2546 honnte.
972 2522 1006 2531 -
1018 2495 1111 2557 cultu,
1121 2509 1175 2544 von
1188 2491 1309 2544 Thieren

192 2566 271 2614 sonet
289 2559 365 2612 nicht
382 2559 466 2612 leicht
482 2569 589 2627 gesagt‚
608 2560 683 2613 kann
703 2578 755 2613 nur
773 2561 824 2613 aut
842 2561 902 2613 ihre
920 2561 1020 2613 Nester
1038 2561 1104 2613 oder
1121 2559 1308 2628 Wohnungen

190 2627 295 2748 {epipam
314 2627 368 2694 vgl.
388 2627 411 2691 Ι,
429 2634 473 2693 39,
490 2634 522 2694 9;
542 2629 625 2682 dehir
642 2628 748 2697 spricht
767 2629 845 2693 euch,
867 2629 928 2682 dese
946 2627 1037 2696 gleich
1053 2646 1108 2680 von
1127 2628 1244 2681 Stridten
1263 2627 1307 2680 die

254 2713 270 2746 e
287 2695 331 2748 ist.

260 2768 283 2820 7,
303 2772 361 2817 tum
380 2763 434 2830 vgl.
454 2763 478 2829 Ι,
496 2768 537 2829 21,
557 2768 581 2819 5.
601 2793 634 2802 -
652 2765 808 2832 descriptio,
828 2763 882 2831 vgl.
901 2764 923 2829 Ι,
936 2768 977 2828 34,
990 2769 1014 2816 9.
1028 2793 1060 2802 -
1077 2765 1154 2829 Quae
1167 2780 1189 2815 r.
1204 2780 1307 2814 consec.

191 2848 301 2884 troreus
319 2831 495 2899 hervorging.
514 2860 546 2869 —
565 2835 751 2885 maneucwdo
772 2831 918 2899 eigentlich
932 2831 1132 2897 Geabhmtheit,
1150 2833 1308 2898 Gegeneeta

192 2916 242 2951 zur
261 2899 491 2967 urspriinglichen
509 2899 641 2966 Rohheit,
659 2899 763 2954 feritas.
784 2930 816 2937 —
834 2900 960 2952 munitus
978 2910 1040 2965 segc
1062 2898 1138 2951 mehr
1156 2899 1195 2950 als
1214 2905 1307 2961 tutus3

190 2967 331 3020 verwehrt
349 2966 405 3019 und
423 2967 628 3021 wohlvereehen
647 2967 696 3020 mit
715 2967 793 3019 ollem
809 2966 1041 3033 Nothwendigen‚
1060 2984 1084 3021 z.
1104 2966 1136 3020 Β.
1156 2966 1189 3017 de
1206 2965 1254 3017 fin.
1268 2965 1307 3029 II,

191 3039 232 3101 26,
251 3040 286 3088 84
302 3035 448 3088 multorum
466 3042 495 3087 te
512 3034 703 3088 benevolentia
721 3034 860 3103 praeclare
882 3041 909 3087 et
931 3036 1042 3087 tuebere
1064 3040 1093 3086 et
1111 3032 1228 3088 munies:
1252 3033 1308 3085 und

192 3102 226 3155 ed
244 3103 308 3155 fero.
327 3104 376 3166 IX,
398 3107 429 3157 18
446 3110 509 3169 eagt
527 3102 622 3154 Cicero
644 3103 674 3154 in
692 3104 788 3170 Benug
810 3103 861 3154 auf
876 3103 949 3154 dieee
967 3102 1030 3155 Zeit
1053 3105 1084 3164 (s.
1105 3101 1212 3168 Elinltg.
1230 3102 1259 3154 S.
1279 3101 1307 3168 l)

192 3170 287 3223 ludum
306 3170 380 3238 (eine
397 3170 510 3234 schole)
535 3170 614 3238 quasi
637 3170 737 3223 habere
759 3170 838 3239 coepi
857 3210 863 3222 .
879 3211 906 3225 ..
927 3170 1020 3223 munio
1039 3187 1081 3222 me
1099 3168 1133 3221 od
1151 3168 1220 3222 haec
1236 3176 1309 3221 teru-

191 3255 271 3356 pore.
290 3267 324 3276 -
342 3239 499 3302 mutandis,
525 3237 580 3305 egl.
598 3238 621 3302 1,
641 3255 665 3293 c.
685 3243 709 3298 l,
729 3244 753 3291 5.
775 3268 807 3277 —
825 3240 1025 3304 facoltatibus,
1049 3237 1105 3304 vgl.
1126 3237 1150 3304 Ι,
1172 3243 1195 3299 3,
1216 3241 1246 3300 73
1270 3236 1307 3287 irn

219 3304 289 3358 lurel
308 3312 429 3372 moeret,
451 3321 547 3358 ansere
566 3305 768 3359 Besitzthrimer
787 3305 843 3358 und
861 3305 961 3358 Mittel.

696 3445 766 3494 Kar.
785 3445 809 3494 5.

260 3529 281 3576 1.
300 3527 368 3590 sint,
385 3524 500 3577 deutech
519 3525 642 3591 witern,
661 3524 734 3576 denn
752 3525 801 3577 der
819 3524 948 3577 Leteiner
966 3522 1068 3576 drr'ickt
1084 3523 1115 3575 in
1127 3523 1307 3576 Bescheffen·

109 3608 118 3623 ·
194 3592 356 3645 heitesbtzen
375 3591 419 3645 die
435 3591 576 3645 Irreelitit
594 3591 671 3645 nicht
689 3609 748 3658 ene,
770 3592 825 3659 vgl.
844 3595 868 3657 ς.
887 3598 902 3645 3
927 3598 1065 3655 nascetur,
1082 3591 1106 3660 1,
1128 3596 1167 3651 19,
1188 3597 1219 3644 13
1236 3588 1308 3643 desi-

191 3660 276 3715 deret.
294 3689 327 3698 -
351 3663 461 3725 ducem,
489 3660 620 3713 Prtdicac
647 3677 681 3713 an
705 3660 838 3713 nerninem
853 3660 944 3713 =·ele
968 3659 1084 3712 Fdhrer.
1106 3688 1141 3697 -
1163 3660 1240 3720 ectu,-
1264 3658 1308 3711 die

190 3728 314 3791 meisten,
334 3729 398 3780 eber
416 3728 494 3781 nicht
510 3728 554 3781 die
571 3728 664 3781 beaten
683 3727 837 3781 Hendechr.
861 3728 949 3780 beben
971 3727 1057 3790 bello;
1080 3726 1174 3780 beides
1192 3727 1229 3778 ist
1246 3726 1307 3778 dem

190 3795 275 3847 Sinne
289 3795 360 3847 nach
372 3796 502 3860 desselbe‚
514 3796 587 3848 denn
601 3796 669 3848 ench
682 3796 765 3861 domi,
783 3793 847 3848 belli
859 3795 919 3848 sind
939 3794 1087 3862 eigentlich
1107 3793 1306 3848 Ortsedverbie

191 3863 242 3915 eui
256 3862 275 3927 i,
296 3863 347 3914 wie
365 3864 419 3927 ubi,
437 3863 486 3930 ibi,
504 3881 552 3917 eus
569 3865 656 3916 denen
678 3865 748 3917 euch
766 3864 810 3916 die
823 3863 1004 3930 engeblichen
1018 3863 1148 3917 Genitive
1159 3863 1262 3914 Rornae
1273 3884 1307 3904 =

190 3930 288 3982 Romal
306 3938 357 3985 ete.
377 3932 541 3985 entstanden
553 3932 623 3985 sind.
649 3932 677 3985 8.
691 3933 779 3985 meine
792 3934 913 3984 Gratum.
929 3934 957 3984 S.
970 3936 1012 3985 65.
1025 3932 1074 3984 Nr.
1088 3936 1113 3984 9.
1123 3959 1155 3968 —-
1166 3931 1307 3981 hominum

190 4000 293 4052 studiis
311 3998 354 4050 die
372 3998 570 4067 eemthungen
587 4000 662 4052 ihrer
680 3999 895 4063 Mitmenschen;
919 3999 991 4051 denn
1009 4016 1064 4052 von
1082 3998 1130 4049 der
1146 3996 1231 4048 Hdlle
1249 3996 1307 4048 und

190 4067 241 4118 den
259 4066 392 4119 Diensten
411 4068 538 4137 (operae,
556 4069 700 4134 munere),
720 4067 821 4120 welche
839 4067 988 4120 Menschen
1010 4066 1068 4119 sich
1094 4063 1307 4117 untereinender

191 4134 294 4198 leiwan,
313 4134 350 4187 ist
367 4135 428 4188 hier
445 4136 489 4188 die
507 4134 589 4188 Rede.

258 4208 283 4256 3.
301 4205 473 4272 conspiratio
491 4202 557 4254 least
574 4203 657 4255 echon
672 4202 749 4255 mehr
761 4220 796 4254 en
809 4202 853 4254 ein
868 4200 1167 4255 Zosammenwirlren
1187 4200 1305 4265 denhem

191 4269 231 4322 ele
251 4288 409 4324 consensus.
423 4300 455 4309 -
468 4271 637 4324 Dicaearchi
641 4291 651 4332 ;
669 4269 713 4345 ein
725 4269 842 4324 Schriler
853 4269 899 4322 dee
913 4268 1085 4331 Aristoteles,
1104 4284 1152 4321 aus
1165 4267 1306 4321 Messene.
