2826 4748
189 290 251 352 104
628 306 676 352 nn
700 305 849 353 ornlcns

191 452 245 509 est,
269 453 331 504 tum
356 447 418 523 ipsa
436 464 489 522 per
505 463 570 504 sese
587 445 663 519 (iram
680 443 766 503 aliter
782 445 893 504 iustitia
910 461 970 503 nou
993 444 1091 521 esset),
1109 452 1171 505 tum
1187 454 1316 525 propter·

191 529 450 607 amplificationem
474 529 596 589 lionoris
619 536 647 587 et
669 527 792 605 gloriae.

156 625 171 672 7
276 614 333 672 Sed
364 623 397 672 ut
424 616 567 693 pecuniae
601 631 660 671 non
690 614 877 690 quaerendae
905 611 1000 672 solum
1029 615 1105 673 ratio
1128 621 1181 681 est,
1206 633 1313 675 verum

190 700 278 757 etiam
304 697 503 767 collocandae,
527 715 602 773 quae
617 706 778 775 perrietuos
793 705 926 776 sumptus
942 697 1118 775 suppeditet,
1142 716 1198 758 nec
1213 699 1309 760 solum

189 785 394 849 necessarios,
429 783 480 841 sed
509 785 597 840 etiam
628 780 778 841 liberales:
814 785 857 840 sic
886 781 980 858 gloria
1015 791 1044 842 et
1073 782 1240 861 quaerenda
1280 793 1311 844 et

155 865 359 928 8collocauda
377 870 493 926 ratione
508 873 562 929 est.
598 863 651 926 43.
675 865 858 944 Quamquam
883 864 1036 944 praeclare
1058 867 1206 936 Socrates,
1230 869 1308 927 banc

188 952 263 1009 viam
288 952 323 1009 ad
348 950 471 1028 gloriam
496 953 661 1029 proximam
684 959 713 1009 et
728 952 813 1028 quasi
830 950 1079 1028 compendiariam
1096 951 1214 1012 dicebat
1230 971 1310 1031 esse,

155 1037 212 1095 esi
237 1037 303 1113 quis
333 1037 362 1094 id
386 1043 504 1112 ageret,
535 1043 577 1101 ut,
601 1033 696 1112 qualis
718 1030 823 1094 haberi
847 1035 948 1110 vellet,
972 1033 1039 1094 talis
1062 1043 1150 1095 esset.
1195 1034 1308 1104 Quodsi

189 1121 238 1198 qui
261 1119 452 1180 simulatione
476 1127 505 1179 et
527 1122 609 1179 inaui
633 1121 829 1178 ostentatione
845 1125 874 1177 et
888 1120 955 1179 ficto
973 1138 1031 1178 non
1050 1119 1136 1179 modo
1159 1139 1309 1187 sermone,

189 1205 239 1264 sed
270 1206 357 1264 etiam
390 1203 486 1272 vultu,
519 1202 653 1263 stabilem
685 1223 717 1263 se
745 1203 869 1280 gloriam
899 1204 1042 1280 consequi
1071 1222 1156 1281 posse
1186 1215 1307 1266 rentur:

138 1312 171 1359 10
190 1283 385 1348 vehementer
409 1298 520 1348 errant.
566 1290 641 1348 Vera
666 1289 759 1363 gloria
782 1289 899 1347 radices
921 1290 991 1362 agit,
1015 1299 1103 1366 atque
1126 1291 1215 1348 etiam
1240 1308 1310 1369 pro-

192 1381 335 1451 pagatum
364 1374 430 1432 ficta
461 1374 559 1433 omnia
590 1373 727 1433 celeriter
755 1380 903 1449 tamquam
933 1372 1047 1433 llosculi
1070 1373 1223 1443 decidunt,
1253 1393 1312 1434 nec

138 1480 169 1530 11
191 1456 360 1516 simulatum
393 1465 492 1534 potest
520 1459 678 1535 quicquam
709 1473 774 1516 esse
797 1456 978 1516 diuturnum.
1023 1458 1126 1517 Testes
1148 1468 1218 1517 sunt
1240 1477 1308 1535 per-

188 1541 273 1602 multi
294 1544 325 1601 in
350 1551 506 1618 utramque
529 1550 660 1620 partem:
684 1541 735 1600 sed
758 1540 909 1600 brevitatis
931 1559 1020 1600 causa
1044 1541 1152 1601 lamilia
1176 1546 1309 1603 contenti

138 1649 170 1698 12
189 1627 299 1684 erimus
322 1644 390 1685 ona.
437 1627 481 1685 Ti.
507 1630 586 1686 enim
612 1623 764 1686 Gracchus
788 1626 820 1684 P.
837 1626 869 1685 F.
894 1634 953 1683 tam
971 1626 1020 1684 diu
1037 1624 1214 1695 laudabitur,
1238 1629 1310 1687 dorm

188 1711 332 1769 memoria
348 1727 448 1769 rerum
465 1711 665 1770 Romanarum
686 1708 825 1768 mauebit.
863 1712 898 1769 m
921 1712 984 1768 eius
1006 1709 1056 1769 lilii
1080 1727 1137 1770 nec
1160 1712 1212 1769 vivi
1237 1731 1306 1788 pro-
1338 1713 1341 1717 ’

188 1793 337 1853 babaotur
366 1794 468 1862 bonis,
499 1803 528 1854 et
556 1796 664 1853 mortui
695 1812 851 1853 numerum
880 1795 1016 1853 obtinent
1048 1796 1112 1853 iore
1142 1813 1307 1856 caesorum.

138 1889 177 1953 13
273 1878 331 1947 Qui
354 1880 444 1955 igitur
473 1878 596 1956 adipisci
625 1896 723 1938 veram
752 1877 878 1955 gloriam
901 1877 987 1945 volet,
1011 1881 1140 1938 iustitiae
1164 1881 1311 1957 iungatur

158 1963 305 2026 nolbciis.
350 1962 391 2022 Ea
416 1980 492 2038 quae
516 1970 624 2030 esseut,
650 1963 761 2022 dictum
784 1970 828 2021 est
842 1966 872 2021 iu
890 1960 966 2022 libro
981 1965 1147 2042 superiore.
1169 1962 1220 2024 44.
1237 1961 1307 2030 Sed,

186 2055 218 2105 ot
241 2046 398 2115 facillime,
423 2046 525 2124 quales
547 2049 654 2114 simus,
684 2045 757 2106 tales
780 2065 846 2107 esse
870 2048 1032 2115 videamur,
1056 2049 1111 2108 etsi
1134 2050 1162 2107 iu
1187 2068 1222 2108 eo
1244 2051 1312 2127 ipso

189 2133 233 2190 vis
256 2135 384 2191 maxima
415 2141 476 2199 est,
504 2142 537 2191 ut
560 2133 652 2192 simus
674 2132 709 2201 ii,
734 2134 785 2209 qui
808 2130 911 2191 haberi
933 2133 1070 2198 volimus,
1094 2142 1192 2192 tamen
1216 2153 1308 2212 quae·

154 2215 256 2279 adam
285 2223 442 2294 praecepta
478 2215 574 2276 danda
607 2226 685 2276 sunt.
738 2215 811 2274 Nam
842 2220 866 2275 si
894 2218 960 2293 quis
988 2216 1026 2274 ab
1061 2219 1181 2276 ineunte
1209 2226 1310 2278 aetate

191 2416 234 2477 (=
246 2414 270 2466 si
288 2422 432 2482 praeterea
452 2413 607 2471 accidissetl
628 2413 667 2464 als
685 2412 804 2465 Verbum
827 2414 874 2465 des
894 2414 1067 2466 Gescbebens
1086 2415 1238 2480 angeseben
1257 2416 1311 2482 ist,

187 2482 458 2600 {titulabo}
473 2480 721 2614 attitulata
744 2481 863 2599 l⁰2¹¹l⁵
878 2492 973 2599 10th
985 2481 1311 2603 ballimatiae

187 2616 271 2668 selbst
290 2616 392 2679 willen,
411 2617 482 2666 obne
501 2586 661 2682 Beziehun}
679 2616 729 2667 aul
743 2587 820 2666 ibren
839 2615 961 2680 Nutzen,
975 2569 1033 2682 'dgr
1045 2568 1075 2667 Id.
1095 2622 1119 2681 6,
1138 2623 1163 2670 4.

256 2688 280 2736 7.
301 2686 492 2742 collocandae;
516 2682 649 2736 collocare
674 2700 734 2751 pec.
760 2683 844 2733 beiost
862 2683 932 2734 Geld
951 2683 1075 2750 anlegen‚
1096 2686 1227 2749 oostbun,
1245 2685 1310 2738 dass

187 2769 215 2803 es
235 2751 339 2803 Zinsen
357 2752 435 2818 trdgt
453 2751 517 2802 oder
534 2762 611 2803 sonet
630 2752 740 2803 Notzen
760 2750 863 2817 bringt.
884 2780 915 2788 -
935 2769 1006 2818 quoe
1028 2781 1057 2789 —
1077 2756 1236 2820 suppeditet
1261 2754 1307 2806 ein

188 2819 340 2884 Finalsatc,
360 2819 412 2870 wie
430 2819 512 2881 misit,
531 2819 578 2887 qui
595 2819 728 2871 dicerent.
742 2845 771 2854 -
788 2820 915 2870 liberales
927 2828 1052 2886 sumptus
1063 2818 1312 2886 Ebrenausgaben‚

189 2887 241 2938 wie
264 2887 303 2938 sie
325 2885 367 2937 ein
388 2887 565 2952 anstdndiger
584 2886 698 2938 Menscb
722 2885 819 2952 ndtbig
837 2885 892 2937 bat.
912 2915 945 2923 —
965 2887 1089 2946 rationu
1108 2887 1168 2940 Abl.
1191 2888 1308 2939 modi=

189 2955 240 3007 aus
249 2955 425 3021 vernbnstige
438 2954 543 3018 Weise3
563 2955 615 3004 wie
628 2964 713 3005 unten
735 2958 759 3016 §.
776 2959 806 3004 12
824 2952 899 3004 iure:
919 2971 941 3004 c.
962 2957 988 3017 8,
1000 2959 1025 3006 3.
1052 2954 1103 3015 ΙΙΙ,
1123 2961 1163 3017 12,
1182 2962 1205 3008 3.
1228 2962 1268 3016 13,
1282 2961 1305 3007 7.

256 3027 279 3076 8.
300 3023 483 3089 Quamquam,
507 3022 560 3088 vgl.
583 3022 649 3085 l,·c.
668 3026 694 3083 9,
712 3025 736 3071 7.
775 3021 829 3071 Der
852 3021 1080 3088 Gedanlrengang
1104 3022 1151 3074 ist:
1177 3022 1194 3074 J
1201 3023 1308 3074 edocb

187 3090 287 3141 bedorf
301 3107 329 3140 es
349 3090 408 3139 bier
425 3089 573 3155 eigentlicb
593 3107 644 3141 nor
662 3089 710 3140 der
722 3088 878 3140 Vorschrilt
895 3089 941 3140 des
953 3090 1090 3141 Socrates.
1109 3119 1140 3127 —
1154 3092 1184 3142 id
1203 3101 1305 3155 werel,

188 3166 220 3208 ut
237 3181 270 3200 =
287 3156 322 3207 iro
344 3157 421 3223 Auge
440 3157 544 3220 baben,
563 3157 714 3210 erstreben.
733 3183 762 3192 -
785 3157 894 3220 Quodsi
912 3180 946 3200 =
966 3174 1027 3208 noro
1045 3157 1083 3219 ei,
1105 3157 1161 3223 vgl.
1181 3175 1203 3209 c.
1222 3163 1248 3220 8,
1267 3163 1307 3210 17.

257 3230 295 3274 11.
315 3225 344 3274 iu
369 3235 516 3292 utramque
538 3233 658 3290 portem,
684 3222 788 3275 eowobl
811 3222 840 3274 in
863 3223 1020 3290 Beziebung
1045 3225 1096 3277 auf
1111 3225 1163 3276 den
1182 3226 1303 3292 wahren,

188 3291 226 3342 als
239 3289 364 3341 salscben
377 3290 477 3343 Rubro.
491 3321 524 3329 —
537 3293 659 3342 conteuti
677 3293 780 3341 erimus
792 3290 821 3342 in
833 3290 922 3342 seioer
934 3291 1117 3357 cigentlicben
1133 3291 1307 3358 Bedeutung,

187 3359 238 3410 wir
257 3358 364 3408 werden
384 3375 434 3410 uns
452 3358 555 3409 darauf
569 3357 770 3418 beschrdulren,
788 3358 842 3424 vgl.
860 3358 914 3421 ΙΙΙ,
932 3363 974 3418 33,
993 3365 1016 3411 b.
1036 3393 1068 3401 -
1089 3359 1132 3414 Ti.
1152 3361 1304 3423 Gracchus,

187 3427 235 3477 der
262 3425 347 3476 Vater
372 3425 420 3477 der·
444 3426 541 3477 beiden
559 3426 718 3491 Tribunen,
746 3425 795 3476 der
817 3425 940 3477 zweimol
959 3425 1063 3476 Consul
1086 3444 1157 3488 war,
1182 3425 1306 3478 zweimal

187 3493 363 3560 triumpbirte
381 3494 435 3545 und
455 3494 559 3546 Censor
577 3494 679 3545 wurde.
698 3521 730 3531 -
754 3497 791 3544 At
809 3494 869 3544 ciue
882 3495 954 3557 filii.-
976 3493 1030 3560 vgl.
1051 3492 1151 3561 jedoch
1171 3495 1249 3545 Anm.
1270 3510 1305 3546 zn

187 3562 208 3624 Ι,
228 3580 249 3616 c.
269 3568 310 3624 22,
329 3567 353 3614 9.
366 3589 400 3599 -
413 3563 505 3623 bouis;
526 3561 622 3613 Cicero
646 3561 731 3612 meint
754 3559 813 3611 bier
835 3560 908 3611 wobl
932 3559 984 3612 alle
1006 3560 1110 3612 sittliob
1131 3564 1234 3625 Guten‚
1254 3562 1309 3613 wie

187 3647 209 3685 c,
230 3634 269 3693 14,
290 3633 335 3692 14;
359 3629 428 3681 docb
452 3631 526 3682 kann
553 3646 613 3680 man
633 3628 661 3679 in
681 3627 825 3680 Wahrheit
850 3627 909 3678 bier
928 3645 980 3679 nur
1001 3627 1045 3679 die
1064 3629 1224 3697 Optimaten
1243 3647 1306 3681 ver-

187 3697 292 3749 steben.
311 3725 343 3734 -
362 3716 507 3749 numerum
535 3697 593 3748 bier
615 3714 637 3753 s.
660 3714 686 3748 v.
711 3713 735 3750 a.
756 3695 860 3757 locum3
885 3695 1010 3762 Geltong
1029 3696 1131 3759 baben,
1159 3714 1237 3748 wozu
1257 3715 1305 3763 ge·

187 3764 301 3816 recbnet
319 3765 437 3817 werden.
456 3794 489 3803 —
507 3767 569 3817 iore
587 3764 638 3815 mit
655 3781 797 3815 caesorum
817 3779 849 3814 ou
870 3763 956 3815 einem
970 3763 1077 3830 Begriff
1093 3782 1127 3816 zu
1146 3765 1309 3817 verbinden.

678 3903 748 3950 Kar,
769 3903 809 3951 13.

256 3987 279 4035 1.
298 3984 327 4034 io
346 3984 416 4034 libro
435 4001 497 4049 unp,
528 3984 578 4034 Die
591 3983 765 4050 Priiposition
780 3983 854 4049 z'eigt
872 4001 917 4047 an,
937 3983 999 4035 dass
1015 4000 1065 4035 nur
1077 4001 1111 4036 an
1131 3983 1207 4034 einer
1219 3982 1308 4038 Stelle

188 4049 253 4102 oder
273 4050 303 4102 in
326 4049 411 4101 einem
431 4050 528 4101 Tbeile
551 4052 597 4103 des
623 4051 726 4102 Boebes
749 4051 838 4102 davon
861 4051 1010 4117 gebandelt
1026 4055 1078 4115 ἱεῖς
1102 4052 1156 4117 vgl.
1175 4068 1199 4102 c.
1219 4057 1260 4116 16,
1278 4057 1305 4104 4.

189 4125 228 4180 17,
251 4123 289 4171 12.
309 4118 362 4181 111,
382 4122 423 4180 18,
436 4122 466 4181 7;
486 4117 534 4168 der
546 4118 635 4170 blosse
648 4118 759 4171 Ablativ
773 4118 857 4183 steht,
870 4135 950 4169 wenn
963 4119 1012 4171 das
1024 4135 1112 4184 ganne
1125 4119 1201 4169 Bucb
1214 4118 1304 4170 dauon
1380 4176 1387 4187 Ι

188 4186 313 4252 bondelt‚
332 4185 385 4236 wie
403 4185 471 4237 oben
490 4201 512 4240 c.
535 4191 562 4252 9,
581 4191 591 4237 1
614 4203 640 4240 u.
666 4185 718 4251 ΙΙΙ,
736 4191 779 4252 25,
801 4192 839 4238 10.
857 4220 890 4229 -
909 4195 941 4238 ut
957 4188 1090 4252 facillime
1107 4214 1141 4223 -
1159 4187 1310 4238 videamur

188 4254 287 4320 gebdrt
304 4271 338 4306 zu
358 4261 507 4322 praecepta
525 4253 550 4304 d.
569 4260 641 4308 eunt.
