2826 4748
162 309 203 374 92
601 325 650 373 ou
673 325 824 374 uomens

162 486 219 546 que
242 470 288 528 rei
311 483 398 526 causa
422 466 474 533 sit:
498 463 623 525 alterum
647 464 788 525 cohihere
812 472 908 525 motus
926 465 1017 525 animi
1032 464 1175 535 turbatos,
1199 485 1275 545 quos

162 551 267 612 Graeci
294 546 387 630 πάθη
416 550 583 619 nominant,
607 550 875 629 appetitioncsque‚
905 568 977 628 quas
998 548 1041 610 illi
1064 543 1179 629 ὁρμάς,
1204 551 1275 612 obe-

162 635 276 696 dientes
306 636 425 696 elficere
453 636 577 702 rationi;
604 636 724 694 tertium
758 637 808 701 iis,
838 633 1015 714 quibuscum
1049 653 1274 713 congregamur,

65 766 68 772 .
162 722 205 779 uti
229 720 381 780 moderate
404 727 434 779 et
456 720 594 789 scienter,
619 737 746 797 quorum
769 718 875 780 studiis
898 739 946 788 ea,
971 737 1046 797 quae
1068 727 1172 780 natura
1195 721 1276 782 desi·

161 804 259 873 derat,
289 802 403 883 expleta
432 803 638 882 cumulataque
665 803 841 876 habeamus,
863 821 919 882 per
941 804 1130 885 eosdemque,
1152 807 1176 866 si
1204 805 1274 886 quid

160 890 339 965 importetur
369 886 456 948 uobis
484 888 673 958 incommodi,
702 888 921 968 propulsemus,
949 888 1187 969 ulciscamurque
1211 909 1273 960 eos,

160 975 211 1052 qui
234 991 343 1034 nocere
365 971 453 1033 nobis
476 975 574 1033 conati
596 983 673 1042 sunt,
704 980 843 1050 tantaque
865 993 961 1052 poena
984 975 1154 1044 afficiamus
1179 994 1274 1054 quan-

160 1063 219 1117 tum
243 1059 376 1138 aequitas
398 1053 626 1134 humanitasque
649 1060 770 1136 patitur.

123 1134 143 1198 6
245 1139 294 1203 19.
318 1140 431 1212 Quibus
447 1150 545 1202 autem
562 1141 725 1202 rationibus
747 1142 824 1203 hano
846 1143 1017 1205 facultatem
1040 1146 1156 1221 assequi
1179 1146 1274 1224 possi-

34 1297 36 1301 ?
160 1243 236 1295 mus,
259 1237 292 1286 ut
313 1226 468 1286 hominum
484 1226 579 1287 studia
596 1226 826 1306 complectamur
842 1245 935 1306 eaque
952 1238 1113 1299 teneamus,
1130 1229 1272 1298 dicemus,

128 1319 259 1391 sueque
282 1313 321 1370 ita
345 1309 439 1371 multo
461 1320 544 1389 post:
573 1310 624 1372 sed
650 1329 745 1389 pauca
772 1318 840 1372 ante
866 1312 991 1373 dicenda
1014 1323 1092 1373 sunt,
1136 1314 1273 1392 Magnam

161 1399 221 1456 vim
245 1413 309 1457 esse
331 1397 361 1454 in
391 1395 545 1456 fortuna
572 1398 603 1456 in
634 1404 790 1475 utramque
818 1406 947 1476 partem,
987 1396 1031 1458 vel
1061 1399 1207 1459 secundas
1236 1397 1275 1459 ad

124 1494 221 1550 ares,
261 1479 306 1539 vel
336 1480 490 1551 adversas,
527 1483 595 1559 quis
616 1482 752 1558 ignorati
792 1482 866 1542 Nam
893 1491 1012 1543 etcum
1035 1484 1273 1562 prosperollatu

159 1567 223 1626 eius
253 1566 380 1633 utimur,
415 1564 451 1625 ad
478 1568 575 1627 exitus
601 1565 792 1645 pervehimur
820 1574 952 1646 optatos;
986 1577 1016 1628 et
1047 1586 1114 1628 cum
1147 1568 1271 1637 reflavit,

123 1663 140 1709 4
158 1647 326 1726 affligimur.
365 1649 445 1710 llaec
459 1652 548 1728 igitur
562 1652 628 1728 ipsa
643 1651 761 1711 lortuna
778 1658 893 1711 ceteros
909 1669 994 1711 casus
1016 1654 1149 1713 rariores
1171 1651 1271 1720 habet,

157 1737 286 1812 primum
310 1733 347 1793 ab
370 1734 509 1794 inanimis
538 1732 698 1811 procellas,
727 1742 927 1813 tempestates,
956 1737 1123 1814 naufragia,
1158 1739 1271 1804 ruinas,

157 1818 309 1879 incendia:
338 1818 446 1879 deinde
473 1837 488 1878 a
518 1818 623 1879 hostiis
649 1822 743 1888 ictus,
768 1838 901 1890 morsus,
925 1822 1068 1898 impetus:
1091 1819 1166 1880 haec
1189 1838 1271 1897 ergo,
1299 1876 1303 1885 .

123 1907 190 1962 5ut
212 1902 281 1971 dixi,
305 1904 429 1963 rariora.
474 1899 524 1964 20.
550 1905 586 1963 ht
607 1922 677 1963 vero
699 1905 838 1964 interitus
861 1907 1057 1971 exercituum,
1079 1913 1114 1965 ut
1136 1905 1271 1981 proxime

157 1987 261 2055 trium,
291 2005 379 2063 saepe
401 1987 577 2056 multorum,
602 1987 701 2049 clades
729 1990 959 2069 imperatorum,
990 1999 1021 2051 ut
1044 2007 1141 2067 nuper
1163 1991 1275 2049 summi

157 2080 187 2133 et
210 2070 369 2149 singularis
391 2073 460 2142 viri,
486 2072 616 2133 invidiae
639 2080 794 2151 praeterea
816 2072 1022 2144 multitudinis,
1045 2084 1133 2154 atquc
1156 2072 1193 2134 oh
1217 2093 1268 2135 eas

156 2155 234 2216 hene
262 2158 439 2216 meritorum
468 2175 555 2236 saepe
584 2158 692 2218 civium
717 2157 922 2236 expulsiones,
951 2157 1141 2228 calamitates,
1165 2160 1272 2238 lugae3

224 2342 248 2392 8.
267 2339 399 2401 ulterum3
423 2338 527 2391 eowohl
550 2338 594 2390 die
612 2339 823 2405 grammatische
842 2339 1000 2405 Beziehung
1024 2340 1075 2391 auf
1095 2357 1150 2405 res,
1168 2339 1207 2392 uls
1225 2339 1271 2392 dle

156 2406 356 2458 construction
375 2406 421 2458 des
433 2413 524 2458 ersten
538 2405 645 2458 Gliedes
663 2409 717 2466 (est
729 2408 760 2458 in
771 2408 880 2475 persp.)
892 2407 929 2459 ist
941 2407 968 2458 in
981 2407 1041 2458 dem
1054 2411 1078 2458 2.
1092 2424 1119 2461 u.
1133 2413 1159 2461 3.
1174 2406 1273 2459 Gliede

156 2472 241 2525 fallen
259 2472 398 2539 gelassen3
422 2472 478 2539 vgl.
501 2476 581 2525 Aom.
604 2490 638 2525 zu
654 2473 684 2539 ΙΙ,
702 2479 726 2533 3,
746 2479 761 2527 6
780 2474 835 2526 und
852 2479 894 2540 22,
914 2479 929 2528 9
947 2473 975 2525 id
991 2473 1091 2542 ipsum.
1109 2504 1143 2512 -
1162 2476 1270 2542 expleta

156 2541 257 2592 cumul.
276 2539 405 2591 reichlich
425 2539 481 2591 und
498 2540 527 2591 in
550 2540 640 2595 Firlle.
661 2568 688 2578 ·—
710 2542 873 2605 habeamus,
894 2542 1065 2609 Coniunctiv
1083 2540 1130 2594 der
1149 2541 1271 2604 Absicht,

155 2607 214 2657 hier
226 2606 312 2658 durch
329 2607 452 2660 wolleu
472 2607 537 2660 oder
551 2625 598 2660 um
617 2625 655 2660 zu
676 2608 892 2661 auszudrdclren.
912 2639 944 2648 -
961 2628 1012 2677 per
1029 2613 1204 2679 eosdemque3
1223 2609 1271 2661 de·

155 2674 334 2727 monstratire
351 2676 490 2728 Setzlorm
514 2675 553 2728 als
572 2676 761 2744 Fortsetzung
779 2676 827 2729 der
845 2677 980 2730 relativen
999 2678 1128 2746 (quorum
1147 2676 1271 2742 studiis),

156 2741 213 2794 also
231 2750 302 2795 stult
318 2750 346 2795 et
364 2760 414 2812 per
432 2759 500 2812 quos
518 2743 591 2796 item.
627 2745 664 2797 So
683 2761 708 2798 z.
727 2745 759 2796 Β.
779 2745 892 2802 Tuscul,
915 2744 950 2810 V,
968 2751 983 2799 3
1007 2763 1085 2814 quem
1109 2745 1269 2798 Phliuntem

153 2811 259 2862 venisse
282 2811 377 2864 ferunt
399 2830 513 2879 eumque
530 2811 689 2865 disseruisse
706 2814 848 2881 quaedam.
886 2813 948 2879 Vgl.
967 2830 990 2865 c.
1010 2819 1034 2877 3,
1054 2819 1084 2867 13
1102 2832 1152 2866 occ
1169 2814 1222 2865 his.

651 2935 721 2983 Kar.
741 2934 766 2984 6.

223 3003 245 3050 1.
265 2997 438 3058 rationibus5
455 2997 499 3048 die
517 2996 726 3050 verschiedenen
740 2999 827 3051 Arten
845 2996 907 3051 siud
925 2997 984 3050 hier
1002 2996 1128 3065 zugleich
1145 2996 1190 3048 die
1207 3014 1269 3049 ver-

152 3065 315 3117 schiedeuen
342 3064 467 3117 Mittel.
492 3094 525 3103 -
552 3067 662 3124 studia,
695 3084 718 3117 s.
743 3083 766 3118 c.
790 3073 816 3132 5,
839 3071 862 3118 1.
885 3096 918 3104 -
945 3068 1156 3147 complectamur
1183 3082 1272 3132 euque

152 3141 296 3184 teneamus
321 3149 373 3184 uns
395 3131 547 3184 dauernd
569 3132 709 3197 erhalten;
733 3133 788 3200 vgl.
812 3134 834 3196 Ι,
853 3139 911 3196 6,2
941 3133 1076 3187 trahamur
1099 3142 1127 3186 et
1144 3132 1272 3185 ducimur

153 3200 205 3251 wir
223 3198 332 3251 werden
350 3200 614 3252 unwillkirrlich
642 3217 779 3270 gezogeu3
805 3207 922 3266 e.11,u
948 3202 1047 3254 bellum
1070 3201 1267 3254 denunciatum

152 3275 181 3318 et
198 3267 347 3334 indictum,
372 3266 530 3319 ldrmlich
553 3276 693 3336 angesogt.
729 3271 767 3322 So
785 3269 858 3322 ludit
875 3269 983 3336 fugavit
1004 3287 1038 3322 ue
1057 3287 1087 3321 er
1104 3268 1202 3335 achlug
1218 3268 1268 3320 ihu

152 3333 279 3400 ginalich
303 3334 331 3384 in
354 3334 397 3386 die
419 3335 521 3387 Flucht
545 3352 571 3386 u.
591 3338 623 3387 A.
643 3365 674 3374 —
693 3355 786 3403 pauca
809 3345 875 3389 ante
897 3338 949 3390 dic.
979 3287 1018 3388 {a
1041 3337 1078 3389 iat
1100 3336 1202 3389 vorher
1219 3335 1268 3388 der

152 3401 291 3468 Einwupd
310 3419 345 3454 zu
363 3402 524 3469 beseitigeu,
542 3403 604 3455 drus
622 3402 670 3455 (les
684 3404 794 3457 Glt‘rck
813 3422 864 3458 uus
876 3404 930 3456 viel
942 3404 1060 3458 schuden
1079 3403 1144 3456 oder
1162 3403 1267 3456 uitreo

152 3469 256 3532 kdnue,
278 3487 336 3522 was
359 3469 416 3522 Cic.
435 3470 506 3522 auch
525 3470 676 3534 clarium,
694 3472 759 3524 aber
776 3472 846 3524 doch
865 3490 917 3524 nur
935 3490 965 3526 so
985 3471 1063 3536 weit,
1088 3471 1149 3524 (lass
1167 3489 1196 3524 es
1214 3470 1268 3524 viel

151 3537 382 3658 &elicuerbullcim
402 3538 442 3590 als
459 3536 545 3589 durch
557 3537 741 3607 Mituirlruug
762 3539 810 3592 der
822 3539 972 3594 Menochen
994 3555 1045 3594 une
1058 3539 1184 3594 Schudeu
1203 3539 1272 3591 oder

181 3614 263 3658 utzeu
298 3605 383 3673 ringe.

219 3678 244 3726 2.
264 3675 294 3726 in
310 3676 429 3740 fortuna
447 3672 645 3739 finierimus,
665 3674 718 3741 rgl.
740 3692 762 3727 c.
783 3680 825 3739 13,
842 3680 865 3730 2.
878 3704 911 3713 -
925 3677 1037 3743 reflavit
1055 3676 1106 3728 wie
1123 3673 1267 3742 refragari,

151 3757 315 3808 repugnare,
328 3758 448 3794 reserare
461 3759 485 3794 c.
500 3746 542 3806 15,
556 3747 596 3798 13.
609 3776 641 3785 —
654 3743 746 3809 affligi
758 3760 813 3795 rou
832 3742 964 3806 Schiffeu,
984 3743 1130 3796 scheiteru.

219 3815 243 3862 4.
263 3810 340 3860 Haec
362 3811 426 3876 ipra
449 3809 497 3862 das
516 3809 607 3862 Gldclr
626 3827 663 3863 eo
680 3809 754 3877 sich,
781 3811 900 3863 uimlich
925 3812 996 3864 ohne
1016 3811 1201 3877 Mitwirlmng
1217 3809 1269 3861 der

151 3875 316 3942 Meuschen3
335 3877 390 3944 vgl.
410 3895 433 3931 c.
455 3882 496 3944 10,
515 3882 541 3931 2.
562 3882 604 3942 12,
621 3882 647 3934 6.
666 3882 708 3940 24,
727 3884 751 3932 d.
771 3907 804 3918 -
822 3881 919 3944 hadel,
942 3879 969 3932 d.
988 3879 1014 3931 h.
1034 3878 1144 3945 tendet,
1166 3894 1267 3930 verun-

152 3943 220 3996 lesst
238 3960 289 3995 nur
306 3942 351 3994 (lie
368 3944 506 3997 seltnereu
524 3944 740 4012 Ungldcksfille,
759 3946 848 3999 durch
867 3947 969 3999 welche
986 3945 1022 3998 im
1042 3948 1156 3998 Genzen
1175 3943 1269 4010 wenig

151 4011 298 4063 Meuscheu
318 4013 503 4076 umkcmmen,
526 4013 582 4079 vgl.
602 4031 626 4066 o.
646 4019 672 4079 5,
689 4019 714 4067 4.
733 4043 767 4054 -
785 4019 886 4068 ruinae
909 4014 1042 4066 Einsturz
1065 4030 1118 4066 von
1137 4011 1266 4064 Hiusern

151 4079 215 4131 oder
234 4080 349 4145 Bergen,
368 4109 400 4117 —-
418 4083 536 4148 impetus
555 4081 672 4135 Anffilte.

219 4153 243 4199 5.
262 4149 395 4199 interitus
408 4147 518 4213 Plural,
536 4147 591 4215 vgl.
605 4150 627 4213 Ι,
640 4154 665 4210 6,
678 4155 694 4202 6
709 4167 736 4206 u.
748 4150 836 4217 gleich
850 4150 971 4203 uachher
983 4147 1109 4201 invidiae.
1123 4176 1156 4186 —
1168 4148 1266 4214 trium,

149 4214 193 4265 bei
210 4214 377 4281 Pharsalus,
402 4215 548 4284 Thapsus,
570 4215 684 4269 Munda.
708 4246 742 4254 -
764 4236 846 4287 coepe
869 4219 1033 4284 multorum,
1057 4216 1176 4284 ergiuze
1194 4215 1265 4269 alias

148 4281 216 4334 oder
234 4281 360 4338 aliorum,
378 4309 413 4320 -
431 4284 496 4350 uiri,
515 4282 560 4336 des
577 4283 734 4352 PompeJus.
