2826 4748
231 253 291 318 150
671 271 718 318 uu
741 272 890 321 orrrcrrs

219 408 372 491 egeamus:
401 409 452 469 sed
481 428 552 471 suae
580 411 686 490 cuique
716 411 849 478 utilitati,
879 409 957 491 quod
980 412 1043 470 sine
1066 408 1189 471 alterius
1211 413 1322 473 iniuria

183 496 275 569 that,
298 493 486 555 serviendum
508 502 562 558 est.
602 495 682 555 Scite
705 495 895 574 Chrysippus,
918 503 952 555 ut
974 495 1080 555 multa:
1105 494 1160 564 Qui
1183 496 1322 564 stadium,

214 581 321 658 inquit,
345 581 447 647 currit,
481 580 553 639 eniti
576 588 604 639 et
633 579 813 640 contendere
837 579 933 648 debet,
957 598 1045 659 quam
1067 581 1194 639 maxime
1218 585 1325 658 possit,

215 671 248 723 ut
271 665 382 733 vincat;
406 663 595 742 supplantare
611 681 688 732 eum,
712 667 831 743 quicum
852 672 953 734 certet,
978 672 1028 724 aut
1049 683 1138 725 manu
1161 664 1325 744 depellere,

215 748 297 808 nullo
321 748 407 808 modo
430 747 526 808 debet.
565 747 614 808 Sic
637 751 668 807 in
690 749 748 808 rita
770 749 827 809 sihi
849 767 997 828 quemque
1021 758 1132 826 petere,
1156 750 1234 827 quod
1253 768 1327 828 per·

215 834 309 892 tineat
331 832 367 892 ad
390 850 485 900 usum,
510 851 568 893 non
592 833 724 910 iniquum
748 842 806 903 est;
830 833 915 895 alteri
938 833 1088 912 deripere,
1113 837 1161 893 ius
1182 853 1241 894 non
1264 844 1320 895 est.

181 927 197 976 8
298 912 349 978 43.
374 917 497 978 Maxime
520 924 617 978 autem
641 916 853 994 perturbantur
876 919 970 979 officia
986 921 1017 977 in
1034 920 1188 988 amicitiis;
1213 919 1321 998 quibus

217 1010 245 1061 et
267 1017 325 1061 non
348 1001 497 1070 tribuere,
526 1001 604 1080 quod
634 1009 713 1062 recte
737 1004 845 1081 passio,
875 1002 1074 1071 attribuere,
1100 1003 1179 1080 quod
1202 1020 1262 1062 non
1285 1006 1323 1065 sit

182 1098 357 1164 uaequum,
388 1080 492 1146 contra
520 1086 648 1146 osticium
679 1094 731 1145 est.
777 1086 835 1146 Sed
865 1086 951 1147 huius
979 1086 1097 1164 generis
1120 1089 1210 1147 totius
1233 1087 1324 1149 breve

216 1176 246 1229 et
268 1187 326 1230 non
364 1169 485 1230 dituctte
519 1177 709 1249 praeceptum
742 1178 795 1231 est.
840 1170 921 1241 Quae
956 1175 1036 1231 enim
1063 1171 1199 1232 videntur
1228 1173 1320 1239 utilia,

215 1253 352 1322 honores»,
377 1254 503 1324 divitiae,
528 1255 701 1334 voluptates
725 1263 824 1316 cetera
845 1257 964 1333 generis
988 1254 1128 1322 eiusdem,
1153 1255 1226 1316 haec
1248 1260 1323 1317 ami-

166 1349 198 1397 10
216 1339 299 1397 citiae
315 1357 465 1417 nunquam
482 1340 686 1419 anteponenda
701 1348 780 1401 sunt.
808 1341 951 1418 htneque
969 1348 1071 1400 contra
1087 1358 1150 1399 rem
1166 1340 1327 1419 publicam,

216 1439 313 1503 neque
342 1432 445 1484 contra
473 1426 520 1485 ius
547 1425 704 1485 iurandum
733 1443 767 1484 ac
798 1424 901 1494 fidam,
926 1425 1014 1484 amici
1037 1443 1140 1489 causa.
1165 1426 1328 1486 virbonus

215 1503 314 1581 t'acietss
339 1526 376 1571 ne
399 1511 424 1568 si
446 1509 533 1569 iudex
557 1508 677 1588 quidem
700 1513 757 1570 erit
779 1508 815 1569 de
838 1510 901 1588 ipso
925 1511 1034 1569 amico:
1059 1511 1142 1587 ponit
1163 1510 1242 1569 enim
1258 1530 1328 1590 per-

167 1602 196 1650 11
216 1610 318 1653 sonam
346 1595 447 1664 amici,
475 1612 544 1671 ¹cum
573 1593 670 1654 induit
691 1594 804 1654 iudicis.
849 1594 977 1654 Tantum
999 1592 1083 1653 dabit
1105 1595 1269 1672 amicitiae,
1294 1602 1327 1654 ut

217 1693 314 1737 veram
343 1680 430 1737 amici
458 1696 575 1739 causam
598 1695 662 1737 esse
684 1676 780 1746 malit,
804 1686 835 1737 ut
856 1678 984 1737 orandae
1000 1675 1059 1737 litis
1074 1686 1201 1756 tempus
1225 1680 1323 1758 quoad

167 1771 197 1818 12
215 1779 269 1839 per
291 1761 371 1839 leges
401 1761 501 1830 liceat,
530 1761 739 1823 accommodet.
783 1758 834 1822 44.
859 1761 933 1822 Cum
962 1779 1031 1821 vero
1059 1763 1155 1821 iurato
1179 1766 1327 1824 sententia

216 1843 341 1906 dicenda
370 1849 421 1906 sit:
451 1848 633 1915 meminerit,
663 1845 751 1907 deum
781 1865 813 1906 se
843 1845 983 1906 adhihere
1006 1854 1127 1914 testem,
1156 1846 1273 1917 idest,
1298 1856 1329 1907 ut

217 1946 271 2006 ego
294 1930 433 2001 arbitror,
457 1938 586 1992 ruentem
609 1948 708 1999 suam,
738 1949 794 2010 qua
823 1930 898 1991 nihil
926 1930 1040 1991 homini
1063 1929 1145 1990 dedit
1167 1930 1240 1991 deus
1263 1934 1328 2011 ipse

165 2023 197 2072 13
216 2014 350 2074 divinius.
404 2015 506 2092 ltaque
543 2016 726 2095 praeclarum
761 2033 777 2075 a
809 2013 970 2075 maioribus
1010 2017 1178 2093 accepimus
1215 2034 1329 2076 morem

214 2099 339 2176 rogandi
354 2101 469 2170 iudicis,
485 2103 510 2161 si
527 2119 594 2161 eum
614 2108 800 2170 teneremus;
820 2117 899 2176 puae
915 2103 1002 2160 salva
1023 2099 1204 2171 (tabefacere
1223 2106 1329 2178 possit.

215 2182 294 2243 Haec
309 2187 423 2262 rogatio
438 2186 473 2245 ad
498 2204 531 2245 ea
554 2185 691 2263 pertinet,
714 2201 789 2264 quae
811 2184 898 2261 paulo
915 2192 982 2243 ante
1006 2183 1065 2242 dixi
1088 2183 1211 2244 honeste
1235 2186 1328 2246 amico

167 2266 198 2314 14
216 2285 232 2326 a
253 2268 351 2329 iudice
367 2287 455 2347 posse
470 2268 602 2329 concedi.
641 2269 713 2329 Nam
730 2269 754 2328 si
776 2271 874 2328 omnia
897 2267 1030 2328 iacienda
1046 2269 1115 2336 sint,
1140 2287 1215 2346 quae
1239 2272 1328 2330 amici

219 2483 220 2486 ’
283 2469 306 2517 6.
325 2468 398 2533 pnorl
416 2496 447 2504 -
460 2468 517 2533 fiat
534 2466 636 2532 sofern,
655 2484 685 2518 so
698 2465 763 2518 weit
774 2484 802 2518 es
813 2466 964 2532 geschehen
978 2466 1062 2517 kann.
1077 2493 1109 2502 -
1123 2467 1203 2531 scite3
1223 2467 1277 2533 vgl.
1290 2468 1329 2534 ΙΙ,

216 2550 239 2584 c.
258 2537 299 2594 20,
318 2537 342 2584 5.
364 2562 394 2571 -
412 2535 592 2601 Chrysippus,
613 2533 662 2586 der
680 2533 788 2585 Frihrer
804 2534 852 2585 der
869 2532 1007 2585 stoischen
1027 2532 1129 2585 Schnle
1148 2534 1216 2586 nach
1229 2535 1329 2588 Clean·

216 2599 283 2661 thes,
301 2598 359 2652 dero
378 2600 493 2653 Schdler
511 2601 556 2653 des
575 2601 658 2655 Zeno.
677 2630 710 2639 -
729 2603 865 2668 stadium
888 2601 942 2652 wie
963 2600 1001 2652 ist
1018 2600 1105 2652 dieser
1124 2601 1270 2654 Accusativ
1293 2620 1328 2655 zu

214 2667 361 2719 erkldren?
379 2685 400 2722 s.
419 2686 452 2720 m.
471 2669 593 2721 Gramen.
614 2673 640 2732 δ.
660 2673 702 2734 53,
722 2673 746 2730 1,
765 2668 784 2720 f.
803 2669 904 2736 Zumpt
922 2671 947 2732 S.
968 2672 1018 2720 384
1047 2698 1079 2706 -
1098 2671 1233 2737 deripere,
1261 2670 1329 2724 tiber

221 2734 273 2786 den
291 2735 374 2787 Inlin.
393 2735 449 2803 vgl.
468 2737 490 2796 I,
510 2753 533 2786 c.
553 2740 595 2799 11,
614 2741 655 2790 12.

281 2806 306 2860 8.
324 2806 527 2870 perturbantur
550 2807 595 2868 off.
619 2803 663 2855 die
681 2803 801 2871 aegrine
824 2821 876 2855 von
900 2803 951 2854 den
970 2802 1110 2855 Pflichten
1134 2803 1244 2856 werden
1268 2822 1328 2857 ver-

214 2869 301 2934 wirrt,
319 2871 373 2938 egl.
391 2872 412 2935 l,
431 2877 473 2936 43,
493 2875 508 2922 2
527 2870 715 2925 communitas.
727 2900 761 2908 -
778 2879 805 2923 et
821 2889 892 2934 non3
913 2869 967 2937 vgl.
985 2870 1009 2934 Ι,
1022 2888 1046 2922 c.
1062 2875 1103 2936 10,
1117 2876 1139 2923 1.
1153 2900 1185 2908 -
1197 2873 1282 2924 Ponit
1294 2898 1328 2917 ==

214 2936 335 3006 deponit,
347 2939 400 2991 wie
412 2955 515 3008 ponere
526 2946 635 3005 togam3
655 2938 708 3004 vgl.
722 2941 747 3002 §.
759 2943 776 2990 4
788 2937 901 3008 pepulit,
914 2967 947 2974 —
958 2955 1106 3007 percanora
1113 2960 1122 2999 ;
1140 2938 1195 3005 vgl.
1211 2940 1233 3005 1,
1249 2957 1271 2990 c.
1285 2945 1327 3006 28,

214 3010 230 3056 2
250 3022 275 3062 u.
295 3024 319 3060 c.
339 3011 383 3071 32,
403 3015 426 3061 1.

282 3081 321 3126 11.
341 3076 420 3126 dabit
431 3097 464 3117 =
474 3072 587 3138 tribuet,
606 3073 741 3139 concedet,
755 3091 776 3126 s.
793 3077 817 3136 §.
832 3078 871 3127 13.
884 3103 915 3111 -
928 3091 1021 3124 veram
1034 3095 1067 3115 =
1079 3072 1188 3127 iustam.
1201 3093 1327 3127 -orare

214 3141 332 3192 litem=
350 3140 437 3193 dicere
455 3159 579 3206 eausam
598 3141 683 3194 daher
699 3158 827 3210 perorare
851 3158 885 3193 zu
907 3138 987 3192 Ende
1010 3140 1152 3208 sprechen.
1171 3171 1203 3181 -
1222 3146 1325 3209 quoad,

213 3207 359 3273 eigentlich
378 3227 408 3260 so
427 3209 507 3275 lange
526 3208 576 3274 als,
594 3208 668 3261 daun
688 3209 757 3261 anch
779 3227 808 3261 so
827 3208 893 3260 weit
911 3207 965 3269 els3
990 3206 1040 3259 der
1058 3208 1225 3277 Conjunctiv
1244 3211 1327 3262 liceat

214 3275 295 3340 aeigt,
314 3275 375 3327 dass
393 3276 437 3328 die
447 3278 557 3328 Grdnze
569 3277 629 3328 eine
645 3276 806 3345 subjective,
819 3276 899 3328 lreine
913 3275 1047 3343 obJective
1065 3274 1109 3326 ist.
1127 3306 1160 3312 —
1178 3295 1227 3344 per
1245 3279 1325 3342 lepes,

213 3343 266 3394 wie
276 3360 299 3394 a.
313 3342 345 3394 B.
358 3342 402 3394 die
416 3343 486 3410 leges
498 3343 643 3412 Pompeiae
654 3344 688 3396 de
700 3345 728 3396 vi
745 3343 801 3396 und
820 3344 853 3396 de
866 3342 983 3404 ambitu;
1003 3359 1058 3394 uno
1075 3342 1119 3394 die
1137 3351 1218 3461 atgue
1234 3344 1325 3396 eodem

213 3415 241 3461 et
257 3410 290 3461 ab
303 3418 462 3463 accusatore
474 3418 502 3463 et
512 3411 545 3462 ab
558 3428 603 3463 reo
616 3411 740 3479 perorari
751 3413 826 3465 iubet
838 3412 965 3478 (atraque
983 3409 1050 3474 lex),
1067 3409 1107 3461 ita
1120 3420 1152 3462 ut
1183 3427 1232 3462 uae
1245 3411 1327 3464 horae

214 3477 377 3543 accusatori,
395 3486 451 3530 tres
470 3495 515 3529 reo
534 3477 675 3531 darentur.
694 3508 726 3517 -—
745 3481 932 3543 accommodet,
953 3476 1069 3529 ntmttch
1088 3477 1182 3529 emico.

282 3550 322 3597 12.
343 3547 410 3597 Cam
432 3563 510 3606 oera,·
534 3544 664 3597 nechdem
687 3545 735 3597 der
753 3546 866 3598 Richter
888 3544 947 3596 dem
970 3544 1097 3596 Freunde
1122 3545 1194 3598 Alles
1213 3563 1247 3597 aa
1268 3548 1324 3598 Ge-

214 3609 297 3663 felleu
315 3612 426 3678 gethan,
445 3630 502 3666 was
521 3630 551 3665 er
563 3612 667 3678 durfte,
686 3613 807 3677 wieder,
826 3613 921 3666 sobeld
933 3630 961 3664 es
974 3612 1022 3664 das
1034 3612 1145 3664 Urtheil
1163 3613 1247 3666 selbst
1265 3614 1325 3681 gilt,

214 3677 258 3729 die
280 3681 386 3745 grdsste
405 3680 698 3748 Gewissenhaltiglreit
722 3681 808 3741 tibens
834 3699 893 3733 cam
917 3680 973 3733 also
996 3681 1147 3747 temporal,
1171 3681 1235 3733 aber
1257 3681 1326 3733 doch

213 3744 260 3795 sair
272 3747 350 3798 einen
364 3766 417 3800 nur
435 3748 622 3816 gedechten
641 3748 719 3814 Fall,
743 3747 825 3800 daher
848 3746 1031 3815 conjunctim
1055 3747 1110 3814 vgl.
1130 3766 1152 3801 c.
1174 3753 1214 3816 12,
1234 3753 1263 3814 23
1284 3754 1326 3815 13,

214 3816 269 3865 211.
280 3818 304 3865 3.
322 3844 352 3850 —
367 3818 446 3868 deam
464 3814 508 3867 die
521 3815 665 3882 Gottheit;
683 3824 798 3869 mentem
817 3834 897 3867 suam
908 3816 984 3868 aeine
996 3814 1132 3880 Einsicht,
1153 3816 1211 3867 hier
1222 3817 1325 3868 Ueber-

214 3895 352 3948 aeugung.

283 3953 325 4002 13.
345 3950 464 4015 repandi
474 3951 576 4002 iudicis
589 3949 952 4004 desRichtersWohlwollen
962 3949 991 4001 iu
999 3950 1056 4002 Ans
1077 3949 1144 4001 ruclr
1155 3967 1189 4002 au
1201 3951 1325 4005 nehmen.

214 4045 246 4054 —
266 4018 291 4068 ci
309 4043 341 4055 —
359 4025 513 4069 teneremus
529 4036 611 4070 wenn
634 4018 686 4070 wir
703 4018 775 4071 diese
793 4019 866 4070 sicce
889 4035 941 4069 nur
962 3967 1116 4069 festhielten
1139 4017 1168 4068 in
1187 4018 1234 4069 der
1253 4018 1327 4072 That

218 4083 296 4136 nicht
314 4084 359 4136 die
369 4085 465 4137 Worte
483 4084 522 4137 als
540 4085 627 4138 blosse
638 4086 749 4139 Formel
761 4086 915 4153 hersagten.
929 4115 960 4124 -
974 4086 1054 4136 salva
1066 4088 1126 4151 fide
1140 4084 1327 4140 unbeschedet

216 4151 305 4204 seiner
324 4152 625 4220 Gewissenhaltigkeit,
644 4153 807 4207 Amtstreue.

205 4247 208 4255 ν
288 4225 328 4271 14.
346 4222 477 4286 facienda
496 4222 554 4272 sint
571 4249 603 4259 —
622 4223 692 4285 sint;
715 4222 755 4274 als
773 4220 906 4289 mdgliche
925 4219 1064 4273 Annahme
1082 4220 1251 4289 hingestellt,
1269 4240 1326 4275 was
