2826 4748
440 284 507 331 mn.
532 284 583 330 111.
619 283 696 333 eae.
718 285 801 330 xxv.
827 285 925 332 xxvi.
1182 271 1241 334 111

123 422 181 502 [Ac
209 423 246 482 de
273 422 427 501 prudentia
456 423 585 502 quidem,
616 441 704 502 quam
726 423 795 500 ¹vult
815 423 924 483 imitari
947 423 1074 494 malitia;
1110 427 1239 503 itemque
1259 440 1291 488 11

124 508 161 567 de
189 508 311 575 iustitia,
340 525 416 586 quae
445 523 564 586 semper
586 513 630 567 est
652 506 749 576 utilis,
778 506 961 585 dIsputatum
995 516 1049 568 est.
1096 509 1236 588 Reliquae
1254 524 1289 573 12

126 599 194 651 sunt
216 590 291 651 dnae
313 599 413 670 partes
435 589 612 660 honestatis,
635 608 762 670 quarum
785 590 877 652 altera
899 592 930 652 in
952 593 1042 669 animi
1065 592 1237 654 excellentis

125 675 328 753 magnitudine
358 682 388 734 et
409 677 590 754 praestantia
613 677 758 743 cernitur,
782 675 874 736 altera
897 677 926 735 in
949 677 1184 738 conformatione
1208 685 1238 738 et

125 759 329 820 moderatione
352 760 551 819 continentiae
573 766 603 819 et
625 755 861 840 temperantiae]

209 839 260 904 97.
284 841 361 904 Utile
376 841 530 902 videbatur
554 843 649 905 Ulixi
670 842 852 922 (etquidem
875 849 981 921 poetae
1003 847 1112 922 tragici
1134 845 1235 924 prodi·
1248 840 1291 905 26

124 927 249 988 derunt:
275 945 341 987 nam
364 927 440 1006 apud
458 927 628 1008 Homerum,
652 929 795 1006 optimum
819 936 979 997 auctorem,
1003 926 1070 989 talis
1092 929 1129 989 de
1153 929 1236 990 Ulixe

124 1010 204 1072 nulla
233 1012 363 1090 suspicio
390 1012 443 1088 est)
474 1011 526 1071 sed
549 1011 722 1072 insimulant
749 1031 817 1072 eum
846 1012 1023 1089 tragoediae,
1047 1013 1237 1074 simulatione

126 1097 259 1156 insaniae
275 1094 408 1157 militiam
424 1094 631 1173 subterfugere
645 1097 781 1156 voluisse.
816 1097 880 1158 Non
897 1096 1054 1158 honestum
1071 1097 1236 1158 consilium.
1255 1114 1271 1162 ι

126 1181 163 1240 At
187 1178 274 1249 utile,
288 1209 291 1213 <
305 1186 339 1239 ut
366 1178 473 1259 aliquis
501 1180 626 1241 sortasse
649 1181 770 1248 dixerit,
799 1198 925 1258 regnare
949 1190 977 1240 et
998 1181 1115 1242 ltbacae
1139 1184 1238 1242 virere

127 1264 220 1324 otiose
242 1281 310 1324 cum
333 1264 515 1341 parentibus,
539 1282 607 1325 oum
631 1283 738 1333 uxore,
768 1282 835 1339 cum
858 1265 929 1326 lilio.
973 1265 1070 1326 Ullum
1093 1273 1125 1325 tu
1147 1265 1238 1327 decus

127 1349 160 1407 in
183 1347 371 1426 quotidianis*
385 1348 537 1415 laboribus
560 1357 590 1409 et
604 1349 746 1427 periculis
769 1349 907 1409 cumbae
930 1348 1141 1430 tranquillitate
1164 1368 1235 1411 con·

124 1431 280 1492 terendum
303 1433 407 1508 putas?
429 1433 491 1510 ligo
507 1450 576 1492 vero
591 1435 676 1493 istam
700 1434 947 1494 contemnendam
970 1442 999 1493 et
1021 1433 1271 1496 abiiciendam23

125 1517 273 1592 quioniam,
298 1535 372 1596 quae
394 1517 517 1577 honesta
540 1536 600 1578 non
624 1520 670 1585 sit,
694 1535 732 1576 ne
748 1517 851 1577 utilem
866 1517 986 1595 quidem
1010 1536 1075 1578 esse
1098 1517 1236 1582 arbitror.

124 1596 175 1660 98.
189 1598 265 1668 Quid
281 1602 359 1660 enim
372 1601 541 1661 auditurum
557 1609 643 1680 putas
655 1601 745 1662 luisse
758 1600 891 1663 Ulixem?
904 1603 972 1661 siin
984 1600 1032 1662 illa
1048 1603 1235 1663 simulatione
1252 1613 1271 1660 4

125 1686 387 1763 perseverarisset3
422 1688 564 1765 quicum
588 1689 730 1747 maximas
753 1702 801 1745 res
823 1687 950 1762 gesserit
972 1688 1002 1746 in
1026 1684 1113 1755 bello,
1139 1695 1237 1747 tamen

125 1767 198 1828 baec
220 1768 318 1829 audiet
340 1769 376 1828 ab
399 1771 504 1830 Aiace:

328 1887 418 1947 Caras
439 1885 507 1962 e'pse
525 1890 669 1962 princepe
690 1885 767 1948 iaris
790 1889 916 1948 iurandi
931 1886 1006 1961 suit,

328 1969 414 2040 Quod
434 1986 533 2030 omnes
554 1974 645 2043 scitis,
670 1974 751 2031 solas
772 1975 906 2044 aeplexit
924 1971 1026 2043 fidem.

328 2056 445 2114 Furere
466 2057 653 2128 assimulare,
678 2071 716 2114 ae
737 2058 843 2132 coiret,
867 2058 984 2115 institit.

330 2137 415 2208 Quod
435 2141 469 2198 m·
489 2139 663 2198 Palamedis
684 2141 849 2214 perspicax
869 2139 1034 2213 prudentie

328 2223 418 2282 Istus
435 2229 596 2298 percepset
617 2225 797 2284 malitiosam
820 2226 994 2301 audactam,

328 2307 405 2365 Fide
424 2314 565 2366 sacratae
586 2310 633 2368 ias
652 2314 797 2382 perpetuo
816 2307 953 2380 falleret.

194 2491 233 2543 11.
253 2485 304 2555 [Ao
317 2489 350 2538 de
366 2490 449 2554 prud.
468 2517 500 2525 -
520 2490 739 2606 tcherontiael
759 2489 854 2555 Unger
872 2489 989 2540 erkennt
1002 2487 1074 2540 wohl
1088 2488 1137 2540 mit
1150 2487 1240 2541 Recht

124 2553 152 2604 in
171 2553 261 2606 diesen
274 2555 390 2607 Worten
407 2554 451 2606 ein
471 2556 569 2622 abgesc
591 2557 711 2609 mecktes
726 2557 860 2608 Glossem:
882 2555 943 2607 weil
961 2555 1072 2608 erstlicb
1091 2555 1136 2607 ein
1156 2555 1241 2608 awei-

124 2626 167 2672 ter
184 2621 349 2688 Uehergeng
371 2621 420 2674 mit
442 2642 526 2674 ac-
544 2625 653 2690 quidem
675 2622 737 2675 sehr
762 2622 943 2690 ungescbickt
965 2624 1017 2686 ist3
1042 2623 1174 2677 aweitens
1196 2622 1240 2675 die

124 2685 256 2740 Collision
284 2689 333 2740 de'r
361 2688 507 2756 prudentia
525 2691 575 2743 mit
592 2690 641 2742 der
660 2690 765 2743 utilitas
786 2691 863 2742 nicht
880 2689 1039 2742 verbanden
1058 2689 1110 2754 iet,
1137 2690 1239 2743 dedet

124 2754 283 2807 scheinbare
309 2755 421 2808 Nutzen
450 2757 521 2810 wohl
550 2758 599 2810 mit
624 2757 673 2809 der
701 2757 923 2824 Gerechtigkeit‚
952 2757 1153 2809 Geistesstirlre
1182 2757 1239 2809 und

124 2821 287 2889 Missigung
308 2822 338 2874 in
361 2822 494 2876 Collision
516 2825 650 2891 geratben
673 2826 763 2891 kann,
792 2825 856 2877 aber
879 2823 955 2876 nicht
972 2824 1022 2876 mit
1038 2823 1087 2876 der
1105 2823 1242 2890 Klugheit

125 2890 222 2954 selbst,
245 2889 347 2942 welche
369 2889 416 2943 ibn
435 2892 502 2943 eben
522 2893 616 2944 finden
634 2895 691 2945 und
707 2892 878 2945 beurtbeilen
898 2891 968 2957 will;
993 2890 1077 2943 daher
1096 2890 1165 2942 wird
1185 2909 1239 2943 von

127 2975 149 3010 c.
171 2961 270 3010 12—25
288 2957 382 3008 immet
398 2975 453 3010 von
472 2958 519 3010 der
538 2960 670 3015 Collision
693 2961 740 3012 des
759 2959 960 3025 (sobeinbaren)
979 2958 1105 3011 Nuteene
1124 2958 1174 3011 mit
1191 2958 1243 3010 der
1281 3023 1285 3028 ¹

126 3024 234 3077 institia
256 3023 412 3090 gehendelt.
454 3025 507 3078 Des
531 3027 716 3080 Einschiebsel
739 3027 847 3080 echeint
869 3044 922 3079 ron
945 3027 1031 3078 einem
1054 3025 1110 3078 sich
1134 3026 1243 3093 gelebrt

124 3090 291 3144 drinkenden
312 3091 489 3144 Abschreiber
507 3094 556 3146 mit
576 3095 733 3162 Beziehung
751 3095 802 3147 aui
818 3112 840 3148 c.
862 3099 902 3158 11,
921 3099 937 3147 9
955 3093 1090 3161 gemacht.
1182 3165 1188 3174 .

621 3249 692 3298 Kar.
711 3250 752 3300 16.

196 3332 217 3378 1.
236 3327 333 3393 poetae
349 3327 451 3393 tropici
468 3326 497 3378 in
511 3327 677 3395 Tregddien,
699 3330 799 3383 welche
818 3328 895 3381 nicht
911 3328 986 3381 mehr
999 3329 1157 3383 verbanden
1169 3329 1243 3394 sind,

127 3393 178 3445 wie
193 3386 349 3454 ’Odvooat're
365 3386 540 3463 μαινόμενος
558 3413 611 3448 ron
624 3397 784 3462 Sophocles,
803 3397 860 3448 und
876 3396 1010 3448 iudicium
1029 3413 1166 3449 armorum
1183 3413 1242 3448 von

125 3461 276 3524 Pacuvius,
304 3477 353 3513 aus
379 3461 438 3514 dem
467 3462 694 3516 wabrscbeinlich
721 3464 765 3516 die
792 3463 938 3531 folgenden
959 3462 1042 3516 Verre
1064 3470 1242 3516 entnommen

126 3526 197 3583 sind.
224 3555 257 3565 —
283 3536 436 3588 auctorem·
462 3529 556 3582 immet
579 3532 804 3599 Gewihremunn²
837 3531 912 3584 nicht
936 3531 1008 3584 bloss
1031 3530 1241 3596 Schriftstellet‚

128 3594 181 3662 rgl.
203 3612 225 3645 c.
245 3599 285 3656 at,
305 3599 318 3645 1
338 3610 364 3651 ιι.
384 3599 427 3661 32,
444 3602 469 3650 2.
489 3626 522 3636 —
540 3599 720 3651 simulatione
737 3601 805 3659 ine.;
823 3599 878 3666 vgl.
897 3616 919 3651 c.
938 3602 980 3662 25,
999 3603 1025 3655 9.

194 3681 219 3730 4.
239 3677 313 3742 Quid
325 3700 359 3721 ==
372 3679 435 3731 Was
454 3680 499 3731 fier
515 3682 737 3749 Schmihnngen.
754 3711 783 3720 —
797 3683 897 3734 audire
915 3699 949 3734 zu
969 3682 1054 3734 hdren
1072 3682 1243 3737 bekommen.

129 3772 157 3782 -
178 3745 416 3797 Gaiasentweder
428 3745 563 3814 einsylbig
580 3766 615 3801 nu
633 3750 718 3812 lesen,
737 3747 803 3800 oder
821 3766 833 3800 s
852 3766 886 3800 zu
905 3749 1028 3802 elidiren.
1048 3778 1081 3787 —
1101 3749 1142 3801 Zu
1158 3751 1246 3815 fidem

126 3814 163 3864 iet
179 3811 237 3864 eius
255 3828 290 3863 nu
308 3812 454 3878 ergdnzen.
466 3843 499 3852 —-
516 3833 572 3867 ase.
590 3818 696 3868 institit
712 3816 770 3868 sich
785 3816 948 3884 bartnrickig
961 3816 1115 3881 verstellen‚
1135 3817 1186 3868 wie
1204 3817 1245 3868 ire

127 3878 270 3932 contendit
287 3895 317 3930 er
340 3879 499 3934 merscbirte
521 3881 623 3949 eiligst3
649 3883 785 3951 proficisci
804 3892 924 3936 maturat
941 3900 971 3936 er
990 3884 1056 3937 reist
1073 3884 1244 3950 schleunigst

128 3947 161 3999 ab
182 3963 207 4003 ιι.
227 3964 251 4001 a.
269 3976 302 3984 -
321 3947 587 4016 letius'zweieylbig
615 3966 649 4001 zu
669 3949 748 4003 lesen.
767 3979 800 3988 -
817 3959 958 4018 percepset
978 3951 1139 4020 syncopirte
1158 3952 1243 4003 ll'orm

127 4014 173 4066 itir
192 4013 372 4082 percepissem
392 4014 446 4082 vgl.
466 4015 489 4080 1,
509 4033 532 4069 c.
556 4022 593 4078 12,
611 4021 635 4069 6.
655 4045 685 4055 -
708 4019 775 4069 Fide
793 4026 935 4078 sacratam
954 4018 1008 4071 fide
1025 4019 1062 4072 ist
1080 4018 1134 4070 alte
1154 4018 1240 4070 Geni·

127 4079 248 4148 tivsorm,
266 4083 318 4132 wie
336 4081 406 4149 plebi
425 4100 446 4134 c.
466 4088 507 4141 20,
527 4089 551 4136 3.
588 4083 739 4150 Uebrigens
757 4084 805 4136 hat
823 4084 893 4136 auch
913 4084 988 4150 hier,
1012 4087 1062 4138 wie
1081 4087 1181 4138 verber
1198 4085 1244 4137 bei

128 4146 295 4215 assimulare,
314 4147 362 4201 der
383 4150 462 4203 Bern.
483 4168 506 4202 c.
525 4149 606 4203 allein
626 4151 672 4203 dae
693 4150 829 4218 Richtlge;
848 4151 891 4203 die
914 4152 1016 4204 andern
1036 4153 1153 4209 Hdechr.
1173 4153 1244 4205 essi·

127 4215 242 4268 mularit
261 4216 316 4270 und
334 4227 444 4271 sacrata
462 4217 527 4270 oder
545 4228 682 4280 sacratarn
702 4236 750 4272 aus
770 4219 926 4271 offeobarer
937 4220 1162 4286 grammatischet
1180 4221 1243 4274 Un-

179 4309 235 4349 010.
249 4309 289 4349 DE
303 4310 367 4351 OFF.
381 4313 401 4351 1.
419 4312 438 4351 3.
454 4310 514 4352 Aue.
984 4309 1026 4370 ¹12
