2826 4748
514 305 582 352 urs.
606 304 629 350 1.
674 303 749 351 car.
772 303 870 351 xvrrr.
1195 286 1235 351 37

126 441 176 505 60.
199 443 257 505 Sed
281 451 314 504 ut
334 461 390 504 nec
413 443 521 503 medici
548 461 604 503 nec
625 444 821 521 imperatores
844 459 900 503 nec
922 448 1070 510 oratores,
1106 443 1271 521 quamvist

127 532 199 590 artis
221 536 379 606 praecepta
402 531 603 607 perceperint,
627 528 783 607 quicquam
801 544 905 604 magua
928 526 1016 588 laude
1033 527 1153 605 dignum
1175 527 1239 587 siue

126 631 181 674 usu
211 622 241 673 et
269 613 480 673 exercitatione
512 614 653 692 consequi
679 611 818 690 possunt:
853 611 894 672 sic
922 611 1014 672 officii
1045 611 1240 672 conservandi

125 705 284 777 praecepta
308 698 464 758 traduntur
486 695 535 756 illa
550 697 678 776 quidem,
703 704 734 756 ut
749 695 874 757 iacimus
896 697 970 773 ipsi3
997 696 1048 756 sed
1063 698 1109 756 rei
1126 698 1239 773 magni·

126 781 196 842 tudo
220 801 305 843 usum
328 800 446 862 quoque
475 784 778 860 exercitationemque
806 779 965 841 desiderat.
1014 783 1108 861 Atque
1135 780 1172 840 ab
1200 781 1270 840 iisd

125 865 225 935 rebus,
248 874 408 944 quaesunt
424 870 454 927 in
470 868 537 927 iure
559 868 622 927 soci
645 866 730 926 etatis
745 865 900 941 humanae,
923 864 1170 944 quemadmodum
1186 863 1240 926 du·

125 958 210 1012 catur
239 950 410 1021 honestum,
436 969 472 1011 ex
495 968 553 1028 quo
576 957 674 1031 aptum
699 956 743 1010 est
765 949 903 1019 officium,
926 949 996 1010 satis
1017 949 1080 1009 iere
1104 949 1239 1010 diximus.

210 1031 261 1095 61.
290 1034 516 1113 Intelligendum
545 1047 591 1095 est
618 1041 732 1104 autom,
768 1053 834 1095 cum
863 1035 1015 1113 proposita
1043 1036 1103 1095 sint
1128 1043 1272 1112 genereo

126 1127 274 1198 quattuor,
299 1139 334 1180 ex
357 1119 464 1199 quibus
486 1119 625 1180 honestas
647 1119 839 1199 officiumque
861 1125 1009 1188 manaret,
1038 1118 1239 1199 splendidissi-

125 1223 207 1265 mum
223 1203 331 1275 rideri,
362 1204 440 1282 quod
471 1207 592 1265 animo
615 1221 743 1280 magno
768 1204 942 1283 elatoque
965 1204 1166 1283 humanasque
1189 1221 1237 1263 res

125 1289 307 1368 despiciente
329 1290 439 1350 factum
461 1290 507 1350 sit.
551 1289 654 1366 ltaque
685 1290 714 1350 in
742 1287 862 1368 probris
884 1290 1013 1349 maxime
1042 1291 1075 1348 in
1097 1295 1236 1367 promptu
1255 1299 1271 1348 ι

128 1381 180 1443 est,
206 1373 323 1453 siquid
347 1373 405 1434 tale
428 1375 487 1434 dici
508 1380 620 1451 potest:
654 1374 657 1379 ’

218 1460 276 1520 Vos
297 1462 415 1538 etenim,
438 1463 567 1533 iuvenes,
592 1461 723 1518 animum
743 1460 849 1532 peritis
870 1459 1052 1517 muliebrem.

212 1544 275 1604 Illo
297 1547 402 1618 olraqo
424 1546 493 1604 oiri.

127 1627 166 1688 Et
188 1627 213 1688 si
235 1627 305 1707 quid
329 1627 487 1688 eiusmodi:

209 1707 357 1787 Salmaci,
381 1718 422 1773 da
443 1710 553 1790 spolio,
577 1714 642 1772 sine
662 1711 771 1771 sudore
792 1717 821 1770 et
840 1712 998 1785 sanquine.
1030 1769 1032 1774 .

127 1796 294 1876 Contraque
317 1800 349 1857 iu
364 1796 508 1864 laudibus,
532 1814 609 1876 quae
624 1813 731 1872 magno
748 1797 845 1855 auimo
867 1795 985 1855 fortiter
1002 1791 1239 1873 excellenterque
1257 1807 1273 1857 a

125 1887 208 1959 gesta
223 1889 300 1950 sunt,
319 1900 353 1941 ea
368 1884 467 1942 nescio
482 1880 631 1961 quomodo
648 1881 732 1957 quasi
747 1879 880 1958 pleniore
897 1897 949 1939 ore
965 1877 1127 1940 laudamus.
1162 1878 1237 1938 Hinc
1256 1889 1271 1936 9

125 1965 281 2027 rhetorum
305 1984 427 2045 campus
450 1967 487 2026 de
509 1964 690 2032 Marathone,
715 1963 873 2032 Salamine,
896 1963 1031 2033 Plataeis,
1056 1961 1239 2042 Thermopy·

124 2048 171 2120 lis,
194 2050 344 2111 Leuctris:
379 2051 448 2111 binc
479 2057 579 2109 noster
602 2047 719 2117 Cocles,
755 2047 823 2108 hino
853 2048 949 2117 Decii,
979 2047 1049 2107 hinc
1072 2046 1190 2108 Gnaeus
1213 2055 1242 2107 et

125 2133 250 2197 Publius
267 2135 430 2214 Scipiones,
446 2134 516 2195 binc
531 2134 569 2194 M.
587 2131 753 2203 Marcellus,
772 2130 1006 2193 innumerabiles
1023 2132 1083 2200 alii,
1100 2132 1240 2191 maxime-

191 2305 216 2352 4.
236 2302 287 2352 illu
306 2303 429 2369 quidem
451 2301 500 2354 das
517 2302 672 2352 Pronomen
695 2299 769 2352 steht
794 2297 852 2350 bier
875 2315 929 2350 nur
952 2315 1001 2350 zur
1023 2297 1243 2364 Hervorhebung

125 2366 172 2420 des
189 2368 326 2436 Subjects,
345 2369 398 2436 rgl.
420 2387 443 2420 c.
464 2374 489 2434 1,
507 2374 537 2432 33
556 2372 597 2430 20,
616 2373 649 2430 23
670 2372 712 2433 27,
730 2372 761 2431 93
785 2367 924 2430 29‚r.11‚
948 2371 974 2431 6,
992 2371 1023 2429 9;
1042 2365 1095 2431 ΙΙΙ,
1114 2370 1140 2431 9,
1158 2370 1182 2418 5.
1200 2370 1242 2428 33,

125 2440 157 2489 13
177 2434 231 2487 und
255 2436 325 2488 ohue
344 2437 450 2504 quidem
469 2440 513 2501 35,
530 2441 555 2489 3.
576 2468 610 2478 -
629 2437 663 2487 ab
681 2436 716 2486 tte
734 2436 815 2486 rebus
833 2433 883 2486 mit
901 2433 1069 2486 ducaturus
1081 2431 1242 2498 verbinden‚

126 2503 183 2555 und
201 2504 425 2571 quemadmodum
443 2505 560 2556 ducatur
578 2501 717 2569 abhingig
734 2519 788 2554 ron
806 2501 933 2558 diximus,
953 2502 979 2553 d.
1002 2502 1027 2553 h.
1047 2501 1100 2553 wie
1117 2501 1161 2553 die
1178 2501 1242 2552 sitt-

125 2569 197 2622 iiche
215 2570 285 2635 ldee,
305 2589 359 2623 von
375 2572 424 2623 der
441 2571 484 2623 die
498 2571 602 2624 Pliicht
621 2570 752 2636 abhiugt,
771 2586 818 2622 sus
837 2568 890 2621 den
904 2569 1120 2635 Verhiltnissen,
1140 2569 1243 2621 welche

124 2637 161 2689 im
179 2637 284 2690 Rechte
308 2637 355 2689 der
375 2638 576 2692 menschlicheu
597 2637 781 2692 Gesellschaft
802 2636 939 2702 berndec,
957 2636 1128 2689 berzuleiten
1146 2636 1190 2688 ist.
1211 2666 1242 2674 -

125 2707 240 2786 suntin
258 2707 320 2757 iure
336 2706 391 2772 vgl.
412 2724 434 2758 c.
454 2709 513 2769 7‚8
535 2731 568 2750 =
590 2707 666 2759 iusta
691 2712 758 2757 sunt
783 2704 893 2785 ³¹¹„⁸⁰.⁰·
915 2705 990 2784 hum.
1010 2734 1041 2784 -3
1060 2712 1158 2772 aptum
1185 2722 1242 2756 esse

125 2792 157 2825 ⁶⁹⁶
175 2790 227 2892 wi?
234 2771 453 2906 titillat·
467 2778 521 2903 0¹33
535 2772 996 2902 illllllttlltlttitlh,
1009 2771 1086 2890 ”lli
1102 2773 1164 2904 tl,
1184 2855 1241 2890 au

124 2924 187 2960 man
206 2906 334 2960 einsehen
352 2925 455 2973 muss,
474 2908 657 2961 verstindlich
675 2909 733 2960 sein
752 2925 832 2972 mass,
852 2907 905 2974 rgl.
924 2912 965 2968 30,
985 2912 1000 2960 ‘l
1019 2923 1045 2959 u.
1066 2911 1107 2970 31,
1119 2911 1135 2960 8
1147 2922 1175 2958 u.
1189 2905 1241 2968 Ill,

125 2981 150 3042 1,
170 2979 185 3029 b
203 2976 403 3043 comparauds3
421 2984 498 3028 sonst
513 2976 578 3028 hirto
591 2994 653 3028 man
670 2976 738 3037 sich,
758 2975 805 3027 das
820 2973 988 3027 Gerundium
1000 2974 1030 3025 in
1042 2973 1141 3026 diesem
1154 2974 1241 3026 Sinne

126 3059 161 3094 zu
183 3043 332 3095 brauchen.
351 3045 546 3112 —proposita
569 3046 633 3101 sint.
657 3045 710 3111 vgl.
734 3043 802 3095 oben
826 3060 848 3098 c.
872 3047 896 3096 5.
922 3048 946 3099 2.
963 3071 998 3080 -
1015 3049 1157 3101 manerem
1175 3042 1242 3093 riber

126 3110 175 3162 dus
192 3109 339 3179 imperfect
365 3111 476 3164 diessen
499 3112 576 3164 sollte
598 3112 663 3165 oder
686 3111 766 3163 fldsse
788 3110 842 3177 vgl.
867 3128 889 3161 c.
910 3115 988 3175 43,8
1015 3108 1190 3161 ducerentur.
1209 3138 1243 3146 -

126 3179 218 3229 animo
236 3196 280 3231 mu
301 3197 336 3230 no
354 3181 493 3246 elatoque,·
512 3179 620 3232 hiermit
638 3179 706 3231 wird
723 3179 767 3230 die
780 3178 876 3241 Quelle
894 3177 942 3230 der
959 3178 1095 3231 fortitudo
1113 3175 1242 3229 bezeich-

126 3251 186 3325 net,
204 3262 258 3297 von
276 3195 325 3297 <ier
343 3262 399 3298 uun
417 3247 584 3315 gesprochen
603 3246 711 3298 werden
729 3245 790 3299 soll.
805 3248 988 3298 -humanas
1008 3264 1051 3298 ree
1070 3244 1121 3296 wir
1138 3261 1238 3312 eugen:

124 3312 273 3365 srdische
289 3313 395 3380 Dinge,
414 3314 467 3382 vgl.
488 3332 510 3366 c.
529 3319 553 3377 4,
572 3320 631 3367 611.
651 3320 692 3376 20,
712 3319 724 3365 1
744 3331 770 3366 u.
789 3319 819 3378 33
838 3314 959 3380 dagegen
978 3312 1033 3380 vgl.
1053 3318 1104 3377 9,7
1124 3330 1150 3365 u.
1168 3317 1239 3375 43,7

125 3380 182 3432 und
199 3380 365 3434 humanitas.

194 3453 218 3506 7,
236 3449 267 3500 in
284 3450 394 3516 probris
416 3449 460 3501 bei
481 3449 719 3504 Schmihworten.
743 3449 797 3500 wie
816 3448 938 3501 uechher
955 3448 985 3500 in
1005 3447 1139 3500 laudibus.
1159 3476 1192 3484 -
1210 3448 1240 3498 in
1325 3466 1327 3469 ·

125 3533 201 3582 prom
223 3524 255 3567 tu
273 3534 330 3568 esse
348 3533 398 3569 zur
415 3517 497 3569 Haud
515 3517 583 3580 sein,
596 3517 650 3584 rgl.
667 3535 688 3568 c.
703 3521 726 3580 2,
745 3523 769 3569 7.
782 3546 814 3555 -
832 3517 898 3577 νοις
919 3514 1145 3568 wehrscheinlich
1158 3513 1240 3565 Verre

125 3581 171 3634 des
218 3583 308 3649 nnius,
326 3584 382 3637 und
400 3587 447 3638 ille
463 3584 602 3637 vielleicht
619 3585 662 3637 die
680 3583 794 3636 Cloelia.
809 3612 843 3622 -
862 3585 985 3636 animum
1000 3581 1241 3649 ungewohulicber

127 3648 267 3717 Singula,
285 3652 338 3718 vgl.
360 3669 382 3704 c.
402 3656 427 3718 6,
446 3657 470 3710 6,
489 3683 521 3692 -
538 3655 594 3704 uiri
612 3651 730 3705 nimlich
749 3651 868 3704 animum
886 3650 966 3717 gerit.

194 3723 217 3772 8.
236 3719 359 3771 Salmaci
377 3719 516 3787 (Vocatir)
535 3721 622 3772 Name
639 3720 714 3771 einer
728 3718 826 3783 Quelle
845 3718 973 3783 Kariens‚
993 3717 1094 3768 welche
1105 3716 1149 3767 die
1162 3716 1241 3768 Men-

124 3787 207 3839 schen
224 3785 451 3852 rerweichlichte,
471 3787 526 3840 und
544 3786 593 3840 der
609 3787 738 3855 Nymphe
756 3786 842 3838 dieser
860 3784 971 3848 Quelle3
995 3785 1054 3837 bier
1077 3786 1241 3853 Spattnsrne

125 3854 200 3906 eines
217 3853 396 3906 weiohlichen
414 3855 574 3916 Meuschen,
597 3855 645 3906 der
662 3855 725 3906 ¹sich
748 3855 821 3906 ohne
838 3853 944 3923 Kampi
958 3853 1074 3920 ergeben
1092 3851 1150 3907 soll.
1184 3852 1241 3905 Der

125 3921 193 3974 Vers
210 3920 247 3973 ist
269 3920 313 3972 ein
332 3923 421 3974 Seuer
439 3940 493 3975 ron
510 3922 627 3978 Ennius.
646 3952 680 3960 —
695 3923 787 3974 nescio
805 3925 938 3988 quomodo
960 3919 1115 3974 adverbiele
1133 3920 1241 3972 Formel

127 4007 148 4043 s.
167 4007 192 4042 r.
212 4005 236 4040 a.
261 3987 304 4040 ich
329 3988 407 4071 weiss
432 3990 516 4052 nicht,
536 3990 587 4041 wie
605 4007 632 4042 es
650 3990 765 4069 lqommm
787 3988 843 4056 vgl.
862 3988 936 4041 haud
954 3990 1009 4042 scio
1029 3989 1139 4070 anllt,
1157 3993 1197 4049 29,
1216 3993 1240 4041 8.

125 4057 534 4178 afftllhllmtl‘P
552 4056 708 4178 libell
727 4055 1243 4191 tttlitl‘lthlullltpiil

125 4208 212 4259 gegeu
224 4190 379 4246 Hasdrubal
398 4193 560 4261 gefelteuen
575 4193 660 4245 Veter
678 4191 734 4244 und
748 4192 842 4244 Oheim
864 4192 909 4245 des
928 4193 1015 4244 iltern
1034 4190 1189 4248 Africanus.
1208 4218 1242 4228 -

125 4261 167 4317 M.
186 4260 340 4313 Marcellus
367 4261 414 4314 das
433 4262 558 4314 Schwert
584 4259 632 4312 der
658 4259 758 4312 Rbmer
784 4269 925 4327 genennt,
951 4259 1000 4312 der
1026 4259 1161 4311 Eruberer
1185 4275 1239 4310 von
