2826 4748
198 249 259 311 168
640 265 686 310 na
710 265 860 312 orarons

200 412 231 463 et
255 406 364 469 civem,
394 420 461 462 curu
490 401 527 461 ab
551 420 598 471 eo,
628 403 807 481 imperatore
836 421 904 472 suo,
935 405 1058 464 Romam
1087 406 1199 465 missus·
1224 415 1320 475 esset„

201 487 278 564 apud
293 486 443 566 'populum
465 487 630 546 Romanum
655 488 832 547 criminatus
854 497 913 557 est,
944 487 1052 549 bellum
1076 489 1161 550 illum
1185 490 1320 549 duceret·

199 573 224 630 si
241 590 272 631 se
289 569 439 630 consulem
457 570 607 640 fecissem,
631 568 713 630 brevi
734 579 878 647 tempore,
903 581 952 632 aut
975 575 1072 632 vivum
1096 582 1145 632 aut
1162 581 1318 633 mortuum·
1359 640 1363 648 ,

162 654 371 733 ulugurtbam
401 671 432 712 se
461 656 491 712 in
521 661 696 732 potestatem
724 656 825 733 popuii
853 656 977 716 Romani
1008 656 1155 716 daturum.
1208 656 1317 734 ltaque

200 739 297 800 iaetus
324 749 367 797 est
396 736 445 796 ille
474 737 590 814 quidem
620 738 740 807 consul,
769 740 819 799 sed
845 759 861 799 a
883 740 940 799 lide
968 741 1137 818 iustitiaque
1167 740 1319 810 discessit,r

201 826 251 901 qui
268 824 411 901 optimum
429 833 458 881 et
473 824 678 898 gravissimum
695 824 797 891 civem,
815 826 900 883 errius
915 823 1035 901 legatus,
1055 832 1083 882 et
1098 843 1113 882 a
1130 843 1188 903 quo
1205 827 1321 885 missus-

165 913 287 976 3essot,
312 908 341 965 in
366 906 505 966 invidiam
529 904 604 966 salso
626 907 750 966 erimine
773 908 939 968 adduxerit.
984 905 1035 968 80.
1059 908 1101 968 Ne
1125 917 1226 967 noster
1245 911 1310 987 qui·

201 991 267 1050 ilem
292 990 482 1050 Gratidianus
505 990 603 1050 oltioio
627 989 696 1050 boni
720 993 773 1049 riri
797 992 918 1052 iunctus
940 1001 984 1052 est
1007 1000 1078 1059 tum,
1103 1010 1169 1052 eum
1194 1003 1320 1071 praetor·

202 1087 289 1144 esset,
314 1072 531 1153 collegiumque
554 1081 723 1152 praetorum
747 1075 860 1134 tribuni
876 1076 954 1153 plebi
971 1075 1185 1146 adhibuissent,
1210 1086 1242 1138 ut
1264 1095 1318 1136 rrs

198 1161 363 1219 nummaria
388 1158 425 1217 de
448 1160 597 1218 cummuni
619 1161 764 1218 sementia
781 1162 1021 1220 constitueretur.
1051 1160 1217 1221 laetabatur
1233 1163 1312 1220 enirn

198 1243 386 1322 temporibus
409 1242 465 1303 illis
482 1260 618 1302 nummus
633 1245 687 1310 sie,
711 1251 743 1302 ut
758 1261 846 1302 nemo
862 1253 964 1322 posset
978 1244 1067 1314 scire,
1091 1244 1159 1320 quid
1176 1244 1311 1304 baberet.

163 1328 446 1405 4Conseripserunt
474 1328 671 1386 communiter
701 1328 830 1387 edietum
858 1347 925 1388 cum
950 1347 1045 1407 poeula
1068 1338 1156 1403 atque
1178 1329 1316 1397 iudicine

199 1414 486 1489 constitueruntque,
504 1417 537 1470 ut
552 1428 655 1471 omnes
671 1413 756 1471 simul
773 1415 803 1471 in
821 1421 917 1473 rostra
940 1423 1007 1492 post
1029 1413 1183 1472 meridiem
1208 1431 1312 1473 ascen·
1334 1428 1337 1433 '

164 1496 314 1560 aderent.
360 1495 397 1554 Et
434 1497 525 1555 ceteri
565 1496 686 1574 quidem
724 1495 799 1556 alius
833 1497 905 1556 alio:
936 1497 1044 1557 Marius
1067 1516 1082 1556 a
1105 1496 1255 1556 subselliis
1278 1500 1312 1556 iu

198 1590 294 1639 rostra
319 1587 408 1646 reeta,
433 1578 532 1657 idque,
556 1581 634 1658 quod
658 1581 855 1639 communiter
884 1582 1078 1659 compositum
1102 1581 1208 1650 luerat,
1231 1579 1318 1641 solus»

199 1665 297 1724 edixit.
342 1664 379 1722 Et
403 1681 435 1722 ea
459 1681 516 1732 res,
540 1665 564 1721 si
587 1667 722 1743 quaeris,
747 1665 772 1722 ei
796 1681 903 1742 magno
926 1664 1032 1724 honori
1055 1665 1119 1724 luit.
1165 1664 1316 1726 Omnibus

197 1750 270 1808 vicis
293 1754 421 1806 statuae:
451 1746 485 1806 ad
516 1765 566 1806 eas
589 1756 650 1815 tus,
680 1749 769 1806 cerei.
814 1746 889 1817 Quid
918 1748 1027 1809 multa?
1061 1748 1311 1831 Nemppupquam

163 1831 378 1891 bmultitudini
410 1830 467 1890 luit
494 1832 602 1890 carior.
648 1827 698 1891 81.
728 1831 808 1890 llaec
840 1842 924 1902 sunt,
961 1851 1037 1912 quae
1071 1819 1251 1908 edn‘tur'balrt
1279 1836 1310 1894 iu

199 1915 412 1992 deliberatione
442 1932 670 1990 nonnunquam,
700 1933 767 1976 oum
798 1915 856 1997 id„
874 1919 912 2001 ip
930 1917 1152 2006 ,quqffiuiplatu'r
1168 1921 1310 1998 aequitas,

199 2018 257 2060 non
281 2003 320 2060 ita
345 2017 495 2076 magnum,
518 1999 588 2058 illud
612 2008 726 2069 autem,
751 1998 890 2078 quadrat
912 1992 1094 2080 'abparilurss
1118 2002 1311 2078 permagnum

199 2084 329 2144 ridetur:
353 2093 385 2144 ut
407 2083 509 2151 llario,
535 2087 707 2162 praeripere
730 2084 850 2161 collegis
874 2093 902 2143 et
923 2084 1051 2154 tribunis
1074 2085 1112 2164 pl.
1137 2085 1313 2164 popularem

200 2171 334 2246 gratiam,
358 2185 417 2226 non
441 2168 480 2227 ita
497 2175 604 2244 ,turpe;
635 2166 786 2227 consulem
814 2168 851 2228 ob
875 2187 938 2227 eant
963 2188 1026 2228 rrm
1051 2164 1127 2256 tropi,
1152 2169 1229 2244 quod
1254 2169 1313 2229 sibi

200 2318 247 2370 her
272 2313 434 2368 Numidicus
456 2323 589 2380 genennt.
614 2343 648 2352 -
674 2316 839 2382 imperatore
862 2332 926 2377 suo,
950 2331 1038 2382 gegen
1061 2315 1112 2368 den
1137 2334 1166 2368 er
1185 2317 1241 2369 also
1262 2335 1316 2370 aus

198 2384 290 2437 Pletiit
310 2383 399 2433 nicbts
419 2381 494 2432 bitte
512 2381 705 2433 unteruebmen
724 2382 839 2433 missen.
855 2410 888 2419 -
901 2384 980 2434 illum
993 2386 1105 2443 ducere:
1123 2383 1190 2436 Sall.
1205 2385 1266 2450 Ing.
1280 2390 1318 2436 64

198 2449 400 2517 sagittarius:
422 2447 521 2499 bellum
542 2449 575 2499 ab
598 2449 763 2516 imperatore
781 2449 907 2500 consulto
927 2449 1013 2512 trahi,
1032 2450 1104 2517 quod
1124 2451 1202 2502 borno
1220 2451 1316 2504 inanis
1354 2511 1357 2515 ¹

199 2527 227 2570 et
245 2517 335 2635 regiap
353 2514 498 2582 superbiae
516 2513 631 2583 imperio
651 2515 729 2567 nimis
741 2515 882 2582 gauderet
895 2545 927 2554 -
941 2519 1102 2584 adduxerit,
1122 2534 1226 2570 warum
1239 2519 1313 2571 Con-

201 2585 306 2636 'unctis

196 2603 208 2653 J
266 2658 291 2705 3.
309 2657 404 2702 noster
422 2650 516 2708 Grut.;
535 2648 587 2714 agl,
607 2665 629 2704 c,
651 2653 690 2711 to,
709 2655 739 2712 93
763 2667 794 2700 er
812 2667 872 2702 avar
889 2651 988 2703 Prbtor
1011 2652 1045 2703 im
1065 2653 1091 2704 J.
1112 2657 1144 2706 86
1165 2662 1247 2705 anter
1265 2652 1315 2705 dee

198 2719 302 2771 Marius
332 2722 354 2773 7.
377 2716 536 2769 consulate.
562 2744 595 2752 —
617 2718 690 2782 plebi
712 2716 758 2768 fur
780 2716 867 2786 plebei
891 2719 945 2770 alte
964 2718 1150 2771 Genitivlorm
1174 2722 1244 2772 naoh
1263 2719 1316 2771 der·

197 2786 230 2836 V.
247 2785 323 2838 Decl.
342 2800 397 2836 von
414 2783 514 2852 plebes.
534 2817 566 2825 -
585 2785 779 2836 adhibuissent
802 2802 852 2837 aur
870 2785 1054 2853 Mitwirlrung
1075 2787 1258 2853 heranzogen.
1279 2815 1312 2826 -

198 2873 250 2906 res.
265 2871 368 2906 numm.
380 2852 490 2907 constit.
504 2850 552 2902 das
563 2850 751 2917 Mrinzwesen,
765 2852 879 2904 welches
892 2852 977 2904 durch
994 2853 1110 2907 falsobes
1123 2855 1187 2906 oder
1199 2855 1312 2907 leichtes

199 2921 271 2974 Geld
288 2920 317 2971 in
342 2918 516 2985 Unordnung
538 2919 696 2984 gekommen
716 2937 788 2983 war,
811 2920 955 2986 reguliren.
976 2949 1006 2956 -
1025 2922 1190 2973 lactabatur
1212 2939 1240 2973 n.
1264 2923 1317 2975 das

198 2986 352 3055 Silbergeld
369 2986 531 3038 schwautne
549 2985 577 3035 in
595 2985 695 3036 seinern
713 2987 835 3038 Werthe.

266 3060 291 3107 4.
311 3072 372 3105 cum
389 3070 477 3120 poena
497 3061 580 3119 atque
597 3055 657 3107 iud.
684 3053 764 3105 nebat
783 3054 970 3121 Bestimmung
987 3055 1062 3107 einer
1080 3056 1173 3108 Strufe
1192 3056 1247 3107 und
1265 3057 1317 3108 des

201 3122 358 3184 Geriohtes‚
385 3137 435 3171 vor
459 3120 574 3171 revelabas
597 3119 641 3171 die
660 3121 902 3188 Uebertretungen
929 3123 1069 3188 gehbrten.
1102 3153 1125 3160 —
1155 3126 1230 3176 alius
1256 3126 1317 3175 olio

199 3190 394 3240 discesserunt:
423 3187 503 3255 jeder
527 3185 595 3253 Βίης
618 3187 712 3239 seinen
737 3189 814 3255 Weg.
834 3218 860 3226 -
888 3189 1003 3241 Marius
1028 3190 1217 3243 Gratidianus.
1242 3221 1274 3228 ——
1294 3211 1312 3243 α

200 3256 338 3308 subselliis
361 3270 410 3305 ans
434 3253 670 3321 dersserathung.
690 3256 769 3306 -in
789 3264 895 3321 rostra,
922 3273 963 3307 urn
989 3257 1039 3308 den
1059 3257 1238 3324 allgemeinen
1259 3259 1312 3309 Be-

198 3323 303 3375 sobluss
316 3323 375 3373 dem
390 3321 476 3373 Volke
489 3338 523 3373 au
541 3322 738 3388 verlatindigen
751 3351 784 3359 —
802 3332 886 3382 rectu,
907 3323 1023 3376 nbmlich
1042 3325 1096 3388 via,
1114 3325 1313 3392 gerudeswegs.

198 3421 232 3428 -
250 3391 338 3442 edixit
355 3412 389 3433 ==
407 3387 608 3457 pronuntiavit.
632 3418 664 3426 —
688 3390 727 3440 Et
744 3407 776 3440 ea
795 3408 853 3454 res,
877 3392 901 3442 ai
924 3392 1051 3457 quaerim-
1077 3391 1151 3456 Uno,
1177 3410 1257 3443 avenn
1276 3393 1313 3445 du

199 3459 295 3525 friget,
314 3474 341 3508 es
359 3456 456 3509 missen
476 3455 570 3519 willst,
588 3454 615 3508 d.
634 3455 659 3508 h.
679 3455 707 3506 in
727 3455 774 3507 der
786 3456 870 3509 That.
886 3486 918 3495 —
932 3459 1065 3509 Omnibus
1078 3460 1145 3510 uicis
1160 3460 1212 3510 wie
1224 3460 1313 3511 omni·

198 3524 342 3587 haalonis,
361 3530 421 3575 tota
441 3523 506 3574 urbo
525 3523 594 3574 ohne
612 3520 639 3572 in
653 3546 687 3565 =
700 3539 756 3590 per.
776 3552 808 3560 —
827 3532 884 3588 tus,
902 3526 971 3575 cerei
990 3525 1104 3576 wurden
1123 3526 1175 3578 den
1192 3528 1313 3579 thteru

200 3610 262 3645 zum
289 3592 371 3644 Dank
397 3588 591 3657 dargebracbt,
619 3590 683 3641 uber
710 3606 760 3641 zur
782 3589 857 3641 Ehre
886 3591 932 3643 des
956 3592 1137 3645 Gratidianus
1161 3613 1196 3646 an
1219 3595 1315 3646 seinen

199 3661 328 3715 Statuen.

267 3731 292 3778 6.
312 3727 389 3777 Haeo
412 3734 493 3786 sunt;
515 3723 616 3777 Solohe
640 3723 716 3775 lt‘blle
737 3725 800 3776 sind
822 3743 865 3786 es;
890 3726 943 3792 vgl.
967 3731 990 3788 ἕ,
1011 3731 1025 3778 7
1045 3745 1112 3779 u.c.
1132 3734 1175 3795 21,
1195 3733 1269 3781 tun.
1290 3730 1315 3795 1,

200 3799 242 3856 14,
261 3798 285 3844 2.
305 3823 336 3831 -
355 3811 412 3844 non
432 3793 472 3844 ita
491 3803 571 3860 turpe
589 3790 760 3857 (Gegeusata
773 3792 875 3858 valde),
888 3792 940 3845 wie
953 3793 1051 3846 rorber
1065 3795 1172 3848 nonita
1186 3813 1313 3862 magorum

199 3863 367 3928 (Gegensata
387 3863 589 3927 permagnuml3
610 3858 687 3910 nieht
704 3860 771 3911 eben
790 3860 860 3911 sebr.
880 3887 913 3897 -
932 3862 964 3912 ob
982 3880 1041 3912 euna
1060 3882 1115 3913 ram
1134 3862 1159 3914 d.
1181 3863 1206 3914 h.
1225 3864 1313 3916 durch

200 3927 245 3980 dle
268 3926 394 3979 desshalb
417 3928 543 3994 erlangte
566 3925 742 3991 Vollrsgunst.
767 3956 799 3964 —
822 3936 1020 3994 proposueram
1043 3929 1112 3981 doch
1135 3931 1258 3997 erlangte
1282 3948 1314 3982 er

202 4013 253 4048 nur
271 3995 306 4047 im
325 3995 349 4048 J.
368 3997 401 4046 82
420 4011 480 4046 uam
500 3993 615 4045 awriten
633 3993 706 4044 Male
723 3992 766 4044 die
784 3994 887 4046 Pritur
908 3995 962 4045 und
983 3996 1077 4048 wurde
1094 3996 1169 4048 daun
1186 4016 1239 4050 von
1260 3998 1313 4050 den

200 4063 350 4116 Sullanern
366 4062 499 4128 getbdtet.
530 4063 595 4113 Seu.
614 4060 647 4111 de
658 4059 700 4112 ira
713 4060 763 4124 Ill,
778 4065 809 4113 18
821 4061 861 4114 Μ.
881 4061 980 4128 Mario,
1001 4062 1046 4114 cul
1064 4063 1174 4127 uicatim
1194 4066 1313 4134 populas

200 4141 306 4184 statuas
325 4138 464 4212 posuerat,
483 4127 527 4179 cni
545 4138 607 4180 ture
624 4136 653 4179 et
670 4127 733 4180 vino
747 4129 921 4198 supplicabat
938 4147 1002 4198 pop.
1014 4131 1161 4197 Romanus,
1181 4131 1213 4187 L.
1232 4133 1314 4187 Sulla

199 4199 335 4267 perfringi
353 4215 444 4265 crura,
462 4195 522 4248 erui
540 4194 643 4262 oculos,
662 4195 799 4264 amputari
818 4212 913 4249 manne
932 4197 1018 4252 iussit.
