2826 4748
515 262 600 323 um.
623 274 646 319 1.
690 274 766 322 car.
790 275 827 321 ιι.
998 324 1004 340 ,
1195 260 1234 322 11

123 410 309 490 philosophia
333 418 363 470 et
377 411 474 487 gravia
497 419 526 472 ot
548 410 632 472 utilia
653 421 792 474 accurate
815 414 993 493 copioseque
1016 412 1234 493 aphilosopbis

125 498 288 573 disputata:
312 494 453 555 latissime
476 504 578 574 patere
599 495 736 557 videntur
759 516 808 567 ea,
845 515 918 577 quae
941 498 977 558 de
1000 498 1103 559 officiis
1124 497 1233 559 tradita

124 581 160 642 ab
183 580 242 641 illis
265 587 295 640 et
315 589 473 659 praecepta
495 590 572 640 suut.
618 579 704 642 Nulla
727 582 807 642 euim
828 583 905 642 vitae
927 600 996 660 pars
1018 601 1114 663 neque
1136 581 1268 662 publi-e

124 668 175 736 cis,
198 682 295 743 neque
310 666 442 744 privatis,
466 682 562 742 neque
576 665 755 736 forensibus,
778 683 874 744 neque
889 665 1060 728 domesticis
1081 670 1113 727 in
1128 666 1233 736 rebus;

126 768 224 830 neque
246 750 271 809 si
292 757 391 810 tecum
414 766 483 826 agas
505 749 591 829 quid,
614 768 712 830 neque
734 752 758 812 si
783 770 849 812 curu
873 751 966 813 altero
989 751 1162 821 contrahas,
1185 771 1234 813 va-

125 854 193 896 care
216 835 312 895 officio
334 840 446 912 potest:
479 835 510 894 in
533 851 628 913 eoque
650 844 679 894 et
701 834 824 897 colendo
847 838 903 897 sita
925 837 1003 897 vitae
1026 845 1072 896 est
1093 837 1233 896 honestas

126 920 236 989 omnis,
269 926 298 978 et
329 921 360 979 iu
391 916 566 996 negligendo
598 919 760 998 turpitudo.
815 917 845 981 5.
879 921 975 1000 Atque
1006 920 1080 981 haec
1113 921 1267 1000 quidem4

127 1005 259 1084 quaestio
275 1004 440 1064 communis
455 1011 500 1063 est
515 1005 647 1064 omnium
662 1003 918 1083 pbilosophorum.
941 1005 1014 1076 Quis
1026 1012 1069 1066 est
1082 1008 1171 1076 enim,
1187 1005 1236 1083 qui

125 1087 213 1149 nullis
234 1087 325 1148 olfioii
348 1089 514 1166 praeceptis
529 1087 682 1149 tradendis
704 1087 913 1168 philosophum
936 1107 968 1150 se
992 1089 1097 1150 audeat
1119 1088 1236 1150 dicere?

127 1172 185 1234 Sed
207 1179 276 1233 sunt
296 1172 456 1233 nonnullae
478 1170 660 1250 disciplinae,
684 1191 758 1253 quae
774 1176 935 1253 propositis
949 1173 1096 1235 bonorum
1120 1181 1149 1234 et
1171 1190 1232 1233 ma·
1254 1187 1269 1235 5

125 1258 222 1319 lorum
254 1256 360 1318 finibus
393 1257 522 1317 officium
552 1275 639 1317 omne
670 1265 850 1336 pervertant.
901 1259 975 1320 Nam
1003 1260 1054 1339 qui
1086 1270 1267 1319 summumtt

126 1342 236 1403 bonum
260 1344 302 1403 sic
323 1343 458 1410 instituit,
482 1350 515 1402 ut
536 1341 608 1401 nibil
624 1341 731 1402 habeat
745 1360 813 1406 oum
836 1344 944 1404 virtute
966 1347 1169 1412 coniunctum,
1193 1342 1236 1402 id·

125 1446 183 1506 que
207 1427 268 1487 suls
290 1425 462 1494 commodis,
486 1442 544 1485 non
568 1425 721 1487 honestate
743 1427 878 1495 metitur;
902 1427 951 1489 hic
973 1430 998 1488 si
1014 1427 1072 1488 sibi
1085 1430 1150 1507 ipse
1166 1445 1236 1487 con·

129 1512 236 1571 sentiat
259 1518 289 1571 et
310 1529 370 1572 uon
392 1509 541 1571 interdum
565 1519 687 1571 naturae
710 1510 841 1573 bonitate
863 1515 1012 1581 vincatur,
1042 1530 1140 1592 neque
1163 1515 1237 1573 ami·

127 1598 227 1656 citiam
251 1594 348 1656 colere
375 1598 482 1673 possit,
516 1612 571 1656 nec
600 1596 756 1666 iustitiam;
791 1614 847 1657 nec
874 1595 1095 1657 liberalitatem.
1139 1596 1238 1656 Fortis

128 1699 198 1741 vero
214 1679 347 1741 dolorem
363 1698 509 1740 summum
526 1678 635 1741 malum
657 1680 809 1750 iudicans,
833 1689 883 1742 aut
909 1691 1079 1760 temperans
1108 1679 1240 1760 volupta-

126 1776 185 1826 tem
215 1784 363 1826 summum
391 1764 501 1824 bouum
535 1773 667 1826 statuens
700 1785 764 1827 esse
799 1775 880 1827 certe
908 1766 989 1827 nullo
1020 1766 1108 1828 modo
1131 1773 1237 1845 potest,

126 1847 156 1910 6.
184 1848 265 1919 Quae
289 1866 467 1927 quamquam
488 1851 528 1910 ita
558 1859 627 1910 sunt
656 1852 685 1909 in
715 1859 869 1929 promptu,
902 1859 936 1910 ut
962 1869 1011 1911 res
1040 1852 1270 1929 disputationes

127 1951 187 1994 non
210 1941 309 2010 egeat,
337 1940 436 1993 tamen
458 1942 528 1993 sunt
550 1952 565 1993 a
588 1932 672 1993 uobis
693 1934 751 1993 allo
773 1935 839 1994 loco
863 1934 1020 2013 disputata.
1065 1936 1127 1996 Hae
1150 1934 1271 1995 disci-8

128 2016 226 2096 plinae
248 2017 338 2094 igitur
367 2017 392 2076 si
414 2015 471 2076 sibi
499 2026 715 2077 consentaneae
743 2015 834 2078 velint
860 2036 937 2087 osse,
973 2019 1009 2079 de
1038 2019 1135 2078 olfioio
1163 2017 1238 2079 nihil

130 2107 240 2180 queant
262 2099 373 2161 dicere.
410 2100 512 2180 Neque
534 2098 593 2161 ulla
616 2101 706 2161 olficii
721 2109 879 2181 praecepta
901 2103 995 2172 bima,
1019 2101 1142 2172 stabilia,
1167 2119 1237 2162 con·

129 2222 168 2282 17,
186 2221 211 2269 4.
230 2246 263 2254 -
283 2218 370 2269 altera
387 2215 442 2283 vgl.
462 2216 499 2277 11,
518 2222 541 2279 6,
556 2220 597 2270 11.
611 2246 643 2254 -
662 2218 825 2269 contrahere
836 2217 983 2285 eigeutlich
996 2234 1053 2269 rem
1072 2219 1107 2298 (s.
1125 2234 1148 2269 c.
1163 2221 1189 2282 5,
1200 2219 1238 2280 2),

129 2285 268 2352 negotium
292 2301 360 2338 cum.
379 2284 413 2337 al.
436 2284 481 2335 ein
505 2283 635 2336 Gescbiilt
658 2284 832 2353 ankudplcu3
858 2286 929 2337 obne
955 2287 1104 2337 Accusatur
1128 2303 1149 2337 s.
1167 2302 1192 2340 u.
1212 2301 1240 2340 a.

129 2352 179 2405 mit
196 2351 346 2405 Jemanden
365 2351 394 2403 in
412 2352 457 2404 ein
474 2350 645 2405 Verbiiltuiss
664 2358 763 2406 treton.
783 2381 815 2390 —
834 2354 864 2405 in
882 2371 913 2405 eo
931 2355 1042 2405 colendo
1061 2353 1088 2403 in
1108 2352 1155 2404 der
1168 2354 1239 2405 Aus-

128 2421 223 2488 tibung
240 2420 287 2473 der
304 2419 416 2474 Pfiicbt.
434 2448 467 2458 -
485 2421 610 2488 quaestio
629 2418 673 2470 die
690 2420 912 2539 Untersucbunq,

194 2494 219 2541 4.
239 2491 327 2540 nullis
345 2516 378 2525 -
395 2487 542 2539 tradendis
559 2510 593 2530 =
609 2487 633 2539 si
657 2487 735 2540 nulla
756 2488 863 2552 trudat,
904 2489 1014 2541 eutschr
1040 2489 1110 2540 ohne
1130 2486 1239 2539 Lehreu

128 2557 196 2608 fiber
217 2554 260 2606 dis
277 2555 415 2607 Pllicbten
438 2556 588 2622 augebam
612 2555 660 2607 des
677 2555 754 2608 Part.
775 2556 839 2607 Fut.
857 2556 933 2608 Pass.
957 2555 1069 2609 vertritt
1087 2556 1180 2622 biufig
1196 2555 1240 2606 die

130 2622 216 2676 Stelle
233 2622 280 2675 des
297 2621 440 2674 feblenden
458 2622 536 2676 Part.
555 2623 650 2675 Praes.
669 2622 755 2688 Pess,
775 2622 827 2674 wis
840 2624 908 2675 oben
927 2641 950 2679 c.
972 2628 985 2675 1
1004 2623 1125 2691 legendis
1139 2622 1239 2675 nostris

128 2715 162 2735 =
179 2689 202 2743 si
220 2698 316 2742 nostra
334 2690 463 2756 legantur
481 2689 546 2741 oder
562 2690 586 2741 si
605 2696 700 2743 nostra
718 2689 805 2756 leges3
826 2707 848 2745 c.
867 2696 890 2750 8,
911 2697 943 2745 10
960 2690 1104 2744 inferenda
1120 2689 1237 2752 iniuria

128 2777 152 2811 c.
171 2763 202 2810 15
230 2762 247 2809 4
264 2757 406 2809 referende
424 2757 516 2824 gretie
535 2774 561 2809 ιι.
584 2758 609 2808 ὃ.
628 2787 660 2794 -
679 2758 844 2824 disciplinae
861 2758 923 2810 sind
946 2758 1004 2810 hier
1026 2760 1151 2826 Systeme
1173 2757 1240 2810 oder

129 2797 250 2878 Scbulen
268 2825 317 2877 der
328 2824 527 2894 Philosopbeu3
546 2852 581 2863 -
590 2827 667 2892 fines
685 2827 818 2876 bonorum
830 2824 878 2878 das
891 2825 1004 2878 hdehste
1016 2828 1087 2891 Gut,
1099 2825 1151 2877 wie
1169 2824 1239 2877 such

129 2892 239 2945 deutscb
253 2892 302 2946 das
315 2893 472 2946 Aensserste
484 2894 527 2945 oft
544 2891 593 2945 des
605 2891 726 2944 Hdcbste
743 2892 837 2946 beisst.
849 2922 882 2930 -
894 2902 1068 2961 pervertant3
1089 2892 1143 2944 den
1156 2893 1238 2960 conj.

129 2960 178 3012 bet
195 2960 243 3013 der
262 2961 345 3017 Beru.
364 2979 393 3024 c;
418 2978 472 3013 von
494 2961 546 3012 den
566 2960 690 3027 floriger,
710 2976 762 3011 zur
778 2961 889 3013 besseru
902 2960 1018 3013 Familie
1035 2960 1184 3028 gebdrigen
1202 2960 1241 3013 ist

128 3045 157 3080 es
176 3028 253 3080 nicht
264 3027 456 3081 eusdrticklich
469 3029 633 3096 angegebem
652 3026 722 3080 docb
738 3027 866 3080 scbcinen
879 3029 918 3080 sie
935 3028 984 3080 ibn
1002 3028 1072 3081 auch
1091 3045 1125 3080 zu
1144 3028 1239 3091 beben,

130 3096 187 3146 und
204 3096 239 3148 ds
257 3096 317 3149 bier
335 3095 411 3148 nicbt
428 3095 552 3148 einzelne
568 3096 720 3149 bestimmte
738 3095 866 3160 Schuleu,
885 3096 1003 3148 eonderu
1023 3113 1075 3148 nur
1092 3095 1135 3147 die
1153 3112 1242 3163 genae

131 3165 260 3230 Gettuug
290 3162 433 3231 allgemein
459 3163 621 3216 bezeicbuet
646 3163 730 3228 wira,
756 3181 786 3216 so
808 3164 845 3217 ist
870 3165 918 3217 der
937 3164 1019 3232 Couj.
1045 3163 1240 3230 grammatiscb

129 3230 260 3297 ricbtiger
276 3232 331 3299 vgl.
350 3249 373 3285 c.
391 3235 435 3296 24,
454 3236 494 3285 12.

196 3303 221 3352 6.
240 3300 280 3350 sic
297 3300 436 3363 instituit,
459 3302 489 3350 in
513 3298 561 3350 der
578 3298 669 3351 Weise
692 3299 855 3366 suigestellt,
873 3331 906 3340 -
924 3302 984 3353 suis
1007 3299 1152 3352 commodis
1170 3297 1240 3350 Vor-

131 3366 212 3418 tbeile
236 3366 292 3418 fier
313 3367 371 3418 ibn
394 3365 515 3429 selbot,
541 3365 592 3417 wie
615 3372 664 3418 tue
687 3366 803 3434 epistole
827 3368 869 3420 oft
885 3386 906 3420 e.
924 3386 952 3422 v.
971 3368 1011 3421 als
1029 3367 1074 3420 ein
1092 3365 1172 3418 Brief
1185 3383 1239 3417 von

129 3434 181 3486 dir.
200 3435 303 3486 -sibi
325 3435 480 3486 consentire
507 3431 571 3485 oder
597 3433 676 3485 meist
701 3432 753 3486 sibi
779 3443 905 3487 constare
927 3439 963 3499 (c.
987 3441 1028 3499 33,
1047 3434 1088 3502 3),
1109 3433 1160 3486 mit
1181 3432 1240 3484 sich

129 3501 212 3554 selbst
228 3502 258 3553 in
275 3501 572 3568 Uebereiustimmuug,
593 3509 759 3570 consequent
781 3503 854 3566 seiu;
882 3521 912 3554 so
935 3501 1024 3569 gleicb
1047 3501 1167 3554 uaebher
1189 3500 1240 3552 sibi

130 3576 340 3622 consentaneum
359 3587 425 3624 esse.
454 3570 547 3622 Deber
565 3568 723 3621 constantia
741 3569 785 3621 die
803 3570 992 3638 Consequens,
1013 3587 1035 3620 c.
1053 3573 1080 3633 4,
1098 3572 1127 3632 83
1147 3570 1189 3631 28,
1207 3571 1238 3632 4;

131 3641 173 3700 29,
192 3643 223 3699 33
251 3642 292 3689 33.
315 3643 346 3701 63
371 3636 428 3689 und
451 3644 579 3690 constans
605 3636 634 3688 in
662 3636 761 3688 dissent
780 3637 867 3689 Sinna
884 3643 928 3701 33,
947 3640 1022 3688 5.--
1045 3644 1071 3687 et
1089 3653 1145 3687 non
1169 3640 1241 3687 stett

128 3719 220 3823 ιιι
233 3703 564 3838 titulatum
576 3704 636 3836 uat
646 3720 697 3823 ιι
708 3702 1241 3823 transtretantes:

566 3814 573 3833 r
640 3808 646 3821 ⁸
700 3809 708 3834 t
743 3811 749 3823 ⁸

130 3839 200 3891 liobe
218 3838 416 3905 Heraensgtite.
428 3867 461 3876 -—
478 3839 571 3890 Fortis
589 3855 653 3889 vero
671 3838 728 3904 vgl.
747 3838 783 3902 ΙΙ,
802 3843 827 3902 3,
846 3841 887 3903 15,
909 3839 1041 3890 iudicans
1063 3855 1089 3890 u.
1113 3846 1240 3890 statuens

129 3907 191 3960 sind
208 3907 252 3959 die
270 3907 399 3975 subjecte
415 3928 449 3949 =
465 3904 521 3968 der,
540 3903 673 3967 welcber3
692 3906 776 3970 fortis
793 3904 849 3957 und
867 3913 1023 3973 temperans
1040 3905 1197 3958 Pridikate.

198 3980 223 4028 t.
243 3977 272 4027 in
311 3982 420 4043 romptu
439 3991 505 4038 esse,
523 3970 685 4038 elgentlicb:
709 3989 760 4024 zur
776 3972 860 4025 Hend
883 3974 952 4041 sein,
976 3991 1005 4025 so
1024 3973 1086 4026 dass
1104 3990 1167 4025 man
1187 3988 1240 4024 nur

131 4042 268 4109 aulangeu
286 3994 362 4107 darf3
382 4041 437 4109 vgl.
457 4058 480 4092 c.
500 4043 542 4104 18,
561 4044 586 4104 l,
608 4039 672 4091 aber
692 4040 761 4091 eueb
779 4058 800 4092 s.
820 4059 845 4093 v.
865 4059 889 4094 a.
907 4042 958 4094 suf
978 4041 1026 4092 der
1042 4040 1124 4095 Hand
1143 4039 1239 4106 liegsn,

130 4110 192 4163 klar
208 4110 283 4175 seiu;
303 4110 356 4178 vgl.
378 4128 401 4165 c.
421 4113 464 4171 27,
481 4114 505 4161 7.
523 4113 567 4171 35,
584 4113 608 4160 3.
628 4107 666 4171 ΙΙ,
685 4113 725 4169 19,
745 4112 785 4160 12.
803 4113 845 4173 21,
867 4114 906 4162 13.
918 4139 950 4146 -
964 4110 1020 4160 alio
1037 4109 1105 4175 loco,
1124 4107 1240 4159 nimlieh

131 4177 161 4229 in
178 4178 231 4230 den
251 4178 376 4231 Bficberu
396 4177 429 4229 de
440 4176 541 4228 fiinibus
553 4175 687 4228 bonorum
701 4175 882 4229 etmalorum.
896 4206 928 4214 —
942 4177 1090 4229 coniuncta
1108 4183 1239 4236 naturae,

131 4244 222 4297 soleba
239 4245 283 4297 die
302 4246 352 4298 mit
368 4245 428 4298 dem
446 4246 566 4297 Wesen
584 4243 633 4295 der
644 4242 735 4310 Diuge
752 4243 836 4296 selbst
848 4242 1123 4310 zusammeubingem
1143 4250 1240 4295 natur-
