2826 4748
87 278 89 285 *
168 262 212 326 34
620 275 667 322 nn
691 273 840 323 ormena

174 435 217 486 ea,
241 434 317 495 quae
339 423 409 477 sunt
430 415 549 492 generis
571 415 649 482 eins,
676 414 755 495 quod
777 413 814 475 ab
838 415 934 475 Ennio
957 417 1085 494 positum
1106 416 1137 474 in
1161 433 1218 475 una
1241 435 1290 485 re,

174 502 332 562 transferri
352 501 384 560 in
407 499 515 560 multas
537 507 645 579 potest.

323 585 428 659 Homo,
454 587 508 660 qui
527 588 648 645 erranti
666 587 789 644 comiter
809 591 957 646 monstrnt
978 588 1068 655 oium,

325 669 418 742 ,Otiosi
438 672 538 730 lumen
560 671 598 728 de
618 686 673 730 suo
694 671 804 729 lumine
824 671 988 746 accendat,
1008 669 1106 742 fucit,-

323 755 425 816 Nr‘lu'lo
446 756 544 814 minus
565 756 626 829 ipsa·
645 756 739 822 lucet,
762 770 830 814 cum
852 756 899 814 illi
918 754 1101 815 accenderit.

139 840 237 901 rUna
261 857 296 899 ex
320 857 352 898 re
375 839 446 899 satis
461 838 615 917 praecipit,
640 845 681 909 ut,
703 836 846 917 quicquid
865 840 929 899 sine
951 837 1129 898 detrimento
1152 856 1288 899 commo·

139 939 155 988 8
174 924 238 984 dari
260 925 365 1002 possit,
390 923 420 984 id
443 921 592 982 tribuatur
615 920 659 981 vel
674 925 787 999 ignoto.
830 918 880 984 52.
907 923 949 982 Ex
972 941 1031 1003 quo
1046 932 1116 983 suut
1136 921 1186 983 illa
1201 941 1285 983 com·

172 1010 290 1070 munia:
315 1025 375 1069 non
396 1005 558 1086 probibere
581 1024 655 1084 aqua
678 1005 862 1085 profluente3
886 1010 945 1086 pati
969 1007 1005 1067 ab
1021 1008 1090 1084 igne
1114 1011 1212 1086 ignem
1236 1025 1287 1067 ca-

171 1111 258 1174 pere,
282 1095 309 1153 si
331 1094 384 1172 qui
412 1091 497 1159 velit;
528 1090 684 1152 consilium
705 1089 792 1152 fidele
812 1091 987 1152 deliberanti
1008 1091 1096 1162 darc;
1120 1110 1195 1170 quae
1217 1099 1290 1152 sunt

171 1181 208 1238 iis
230 1175 323 1244 utilia,
348 1179 399 1255 qui
422 1175 579 1254 accipiunt,
604 1175 686 1236 danti
709 1193 768 1234 non
791 1176 924 1237 molesta.
959 1175 1056 1246 Quare
1079 1185 1109 1237 et
1132 1177 1178 1237 his
1200 1185 1291 1237 uten-

175 1262 246 1323 dum
268 1268 322 1335 est,
346 1271 376 1321 et
397 1277 516 1339 semper
531 1260 641 1340 aliquid
659 1259 695 1321 ad
718 1279 905 1322 communem
921 1259 1076 1322 utilitatem
1093 1261 1286 1322 afferendum.

139 1355 154 1402 9
173 1346 232 1407 Sed
256 1345 395 1424 quoniam
418 1347 522 1422 copiae
537 1363 645 1424 parvae
664 1343 850 1423 singulorum
872 1353 951 1413 sunt,
975 1364 1077 1407 eorum
1100 1354 1207 1415 autem,
1231 1347 1287 1424 qui

172 1431 218 1492 his
241 1439 362 1509 egeant,
390 1430 506 1490 infinita
527 1437 572 1490 est
594 1428 765 1491 multitudo:
789 1431 917 1508 vulgaris
937 1429 1099 1491 liberalitas
1128 1430 1288 1491 referenda

173 1525 218 1577 est
245 1515 282 1576 ad
303 1515 387 1575 illum
410 1514 498 1574 Ennii
519 1515 621 1584 finem,
655 1516 750 1576 adicito
772 1518 869 1576 miuus
890 1519 952 1592 ipsi
976 1519 1072 1584 lucet·
1099 1523 1132 1576 ut
1159 1513 1290 1576 facultas

174 1602 224 1671 sit,
249 1619 305 1679 qua
329 1603 360 1661 in
384 1605 500 1659 nostros
522 1599 616 1660 simus
637 1598 787 1660 liberales.

122 1683 161 1746 17
258 1680 310 1746 53.
335 1683 452 1745 Gradus
468 1691 567 1744 autem
582 1683 682 1761 plures
697 1693 765 1745 sunt
779 1686 929 1745 societatis
944 1683 1106 1744 hominum,
1146 1684 1183 1746 Ut
1205 1684 1287 1744 enim

174 1769 211 1830 ab
232 1769 283 1829 illa
306 1770 424 1829 infinita
447 1767 629 1837 discedatur,
653 1769 775 1848 propior
799 1778 843 1829 est
865 1769 996 1830 eiusdem
1019 1772 1124 1846 gentis,
1147 1769 1288 1838 nationis,

139 1855 301 1931 elinguas,
324 1871 382 1932 qua
406 1855 534 1914 maxime
553 1851 689 1915 homines
713 1857 943 1931 coniunguntur.
980 1854 1108 1914 Interius
1132 1854 1218 1914 etiam
1241 1860 1289 1913 est

172 1937 303 1999 eiusdem
327 1954 392 1998 esse
415 1939 547 1999 civitatis.
591 1937 680 1998 Multa
710 1941 788 1999 enim
817 1947 885 2000 sunt
913 1938 1028 2000 civibus
1050 1941 1128 1998 iuter
1151 1957 1183 1998 se
1205 1954 1289 1998 com·

172 2025 288 2085 munia:
310 2023 419 2092 forum,
443 2023 520 2092 fana,
538 2024 677 2100 porticus,
695 2026 768 2094 viae,
785 2023 874 2103 leges,
897 2025 972 2093 iura,
993 2023 1109 2087 iudicia,
1134 2023 1286 2100 suffragia,

174 2108 406 2169 consuetudines
427 2118 583 2186 praeterea
607 2116 638 2168 et
659 2108 886 2177 familiaritatem
910 2106 1067 2184 multisque
1098 2125 1165 2166 cum
1187 2105 1290 2167 multis

174 2212 224 2253 res
246 2193 437 2271 rationesque
460 2199 638 2252 contractae.

138 2294 154 2341 3
257 2278 355 2356 Artior
377 2294 448 2336 vero
471 2275 618 2353 colligatio
642 2282 687 2337 est
708 2277 857 2336 societatis
880 2277 1125 2354 propinquorum.
1169 2273 1213 2334 Ab
1235 2273 1288 2337 illa

173 2362 251 2422 enim
274 2363 419 2421 immensa
433 2362 576 2420 societate
596 2359 715 2420 humani
730 2363 850 2438 generis
865 2363 896 2419 in
911 2362 1048 2438 exiguum
1065 2367 1285 2439 angustumque

172 2508 352 2571 entbehrlich‚
371 2507 455 2561 daher
468 2507 571 2578 Zumpt
590 2508 663 2562 wohl
680 2508 730 2560 mit
742 2508 831 2563 Recht
848 2518 964 2562 ersteres
981 2508 1027 2561 fiir
1044 2507 1124 2561 einen
1143 2508 1227 2561 leicht
1243 2525 1287 2561 er-

172 2576 322 2630 kldrlichen
345 2575 547 2630 Schreibfehler
571 2575 636 2631 halt.
656 2606 688 2615 -
712 2577 800 2629 Homo
823 2583 879 2630 etc.
906 2576 1057 2645 jumbische
1078 2576 1228 2642 Trimeter‚
1256 2576 1286 2629 in

171 2646 259 2697 denen
279 2662 329 2696 cuo
347 2643 474 2710 einsilbig
492 2660 527 2695 zu
539 2643 684 2697 scandiren
699 2643 745 2711 ist,
759 2673 790 2684 -
807 2646 869 2717 Uita
888 2664 921 2697 en
939 2663 978 2711 re,
995 2644 1025 2697 in
1038 2644 1124 2711 Fulge
1141 2644 1188 2697 des
1207 2643 1288 2696 einen

173 2711 319 2783 Beispiels‚
343 2711 398 2765 also
422 2711 526 2764 durch
548 2711 682 2773 desselbe,
705 2712 760 2779 vgl.
780 2730 814 2765 zu
833 2731 857 2767 c.
879 2715 921 2779 38,
941 2719 964 2769 3,
983 2739 1016 2750 -
1034 2713 1188 2765 communio
1206 2728 1289 2782 prue-

141 2842 144 2849 .
173 2787 260 2849 cepta,
280 2778 441 2847 allgemeine
459 2780 641 2833 Gruudsdtze.
662 2780 714 2832 wie
732 2781 784 2833 loci
802 2798 957 2834 communes
978 2780 1194 2847 Gemeiuplbtze‚
1214 2779 1240 2830 d.
1259 2779 1287 2832 h.

171 2849 390 2916 urarterungem
409 2847 453 2900 dia
472 2848 577 2901 uberali
596 2864 630 2899 zu
649 2848 786 2901 brauchen
805 2849 881 2913 siud,
900 2866 942 2900 wo
960 2865 1015 2902 von
1033 2848 1082 2899 der
1098 2846 1288 2899 betreffenden

172 2917 261 2969 Sache
279 2915 322 2969 die
341 2916 414 2968 liede
433 2915 477 2968 ist.
496 2945 529 2954 -
547 2919 681 2968 utendum
699 2925 740 2968 εει
758 2925 784 2968 et
801 2946 834 2954 —
852 2919 1025 2982 offerendum
1037 2931 1100 2966 man
1113 2931 1184 2966 muas
1195 2914 1289 2966 calche

173 2983 385 3051 Gefdlliglreiten
408 2983 491 3036 selbot
514 2983 665 3035 anuehmen
693 2984 750 3036 und
772 2982 811 3036 sie
833 2983 934 3035 wieder
955 2982 1066 3033 Andern
1089 2981 1230 3033 erneisen.
1256 3010 1288 3019 —

172 3054 319 3117 referenda
337 3059 378 3104 eet
395 3053 432 3104 od
450 3076 484 3089 -
494 3053 582 3118 finem
599 3050 643 3101 die
661 3067 748 3118 gegen
766 3050 826 3103 Alle
845 3050 945 3118 geribte
964 3047 1107 3116 (vulgaris)
1128 3048 1288 3116 Freigebig-

172 3119 230 3171 keit
248 3135 317 3171 musa
334 3118 394 3171 ihre
414 3118 524 3171 Grenze
541 3117 634 3170 finden
651 3117 680 3169 in
693 3119 752 3170 dem
766 3117 924 3187 Ansspruch
936 3116 981 3169 des
994 3117 1117 3177 Ennium
1136 3116 1191 3183 agl.
1206 3135 1229 3169 c.
1244 3123 1287 3184 10,

173 3193 197 3239 2.
215 3215 249 3224 -
266 3187 391 3253 facultas
408 3186 463 3253 vgl.
483 3203 506 3238 c.
525 3191 549 3246 3,
568 3191 592 3238 7.

662 3273 731 3321 Kne.
753 3275 792 3323 17.

243 3358 267 3408 1.
286 3355 386 3421 pectis,
404 3355 539 3410 notionis.
576 3354 757 3407 Gewbhnlich
778 3353 815 3408 ist
837 3371 903 3422 gens
921 3353 964 3406 die
983 3353 1192 3418 umfassendere,
1213 3355 1288 3407 notio

173 3420 217 3473 die
243 3421 453 3473 beschrainktere
479 3421 691 3489 Bezeichnung,
719 3439 743 3474 z.
762 3422 796 3477 Β.
827 3425 1026 3475 Germanorum
1052 3438 1133 3489 gena3
1165 3422 1290 3474 nationes

174 3491 321 3555 Saxonum,
339 3491 500 3557 suevorum.
531 3490 624 3542 Daher
636 3490 693 3542 Cic.
713 3489 746 3542 de
763 3490 828 3546 Nat.
847 3491 879 3542 D.
898 3490 949 3556 ΙΙΙ,
968 3495 1001 3543 39
1019 3489 1097 3542 deum
1117 3508 1172 3542 non
1191 3505 1288 3541 curare

173 3557 302 3678 tiftlt-
319 3557 908 3693 lffif‘affdfitff’,ltffitt’
927 3566 1099 3678 :ttulit
1112 3587 1143 3677 {i
1157 3558 1289 3677 bitti

175 3709 202 3744 u.
222 3664 376 3758 comininum
397 3643 453 3745 urbd
472 3711 493 3745 c.
512 3698 537 3749 4.
557 3699 581 3746 2.
602 3697 642 3759 16,
659 3644 688 3746 ΒΙ
708 3694 759 3757 ΙΙΙ,
779 3698 820 3756 28,
839 3699 863 3747 4.
881 3664 914 3737 .’.
933 3695 1032 3746 ciuitas
1051 3693 1110 3745 eine
1130 3641 1289 3756 Gemegiude,

175 3760 245 3812 auch
262 3759 306 3812 ein
324 3763 406 3814 Steat
423 3762 462 3814 als
480 3761 524 3813 ein
543 3761 701 3830 politisches
721 3764 826 3815 Gunze.
849 3791 882 3800 -
905 3763 1119 3814 consuetudines
1136 3785 1170 3804 =
1187 3775 1287 3823 mores,

173 3828 319 3892 instituta,
341 3830 440 3881 soweit
457 3828 592 3882 dierelben
612 3829 687 3881 nicht
704 3829 804 3897 genade
825 3828 912 3881 durch
931 3831 1047 3882 Gesetze
1063 3828 1199 3881 bestimmt
1217 3825 1287 3879 sind.

174 3924 207 3933 -
225 3896 321 3948 mollio
338 3925 371 3934 —-
389 3905 547 3950 contractae
564 3897 614 3949 der
631 3897 714 3950 Detiv
731 3921 765 3942 =
783 3915 799 3950 a
818 3897 911 3950 multis
935 3898 1005 3951 nach
1023 3897 1111 3948 einem
1128 3894 1172 3945 bei
1189 3893 1287 3946 Cicero

175 3962 255 4016 nicht
271 3963 394 4016 seltenen
413 3965 559 4018 Gebreucb
578 3965 624 4018 des
642 3966 738 4019 Dativs
756 3965 825 4018 heim
839 3966 914 4022 Puri,
928 3965 1002 4017 Pers.
1020 3965 1112 4027 Pass.;
1138 3961 1204 4014 tiber
1223 3979 1289 4014 con-

173 4038 281 4084 tractae
299 4050 319 4085 s·
340 4036 398 4084 ci
426 4037 450 4084 2.

242 4105 267 4154 3.
288 4102 322 4152 oh
340 4070 556 4166 illa'gleichsanr
575 4119 628 4154 von
646 4102 682 4154 da
700 4101 866 4168 ausgehend‚
883 4119 936 4154 von
954 4099 1041 4150 einem
1058 4096 1157 4150 weiten
1176 4097 1288 4164 Anfaug

175 4185 226 4232 εει,
254 4185 283 4220 ao
307 4167 363 4221 Cic.
387 4185 425 4224 or.
450 4169 502 4231 ΙΙΙ,
527 4173 572 4235 19,
599 4173 632 4222 70
658 4188 691 4220 ax
717 4168 826 4236 ingenti
853 4185 947 4236 campo
977 4165 1006 4217 in
1034 4164 1161 4232 exiguum
1188 4181 1287 4232 gyrum

175 4236 344 4305 compellere.
370 4265 402 4275 -
425 4237 455 4288 iu
478 4237 608 4304 exipuum
632 4255 713 4303 σεεμς
735 4237 783 4290 der
801 4235 937 4290 Deutsche
959 4234 1078 4286 brancho
1100 4233 1161 4287 sehr
1180 4233 1222 4286 oft
1239 4233 1287 4284 be—
