2826 4748
472 294 542 341 nus.
564 293 614 340 111.
653 293 728 351 oar.
753 293 809 341 xv.
1103 276 1105 281 ’
1152 273 1213 338 159

101 426 249 503 venditor,
265 452 323 494 non
340 437 390 512 qui
407 442 509 493 contra
525 451 557 492 se
575 431 696 494 liceatur
713 438 832 531 emppor
846 437 985 528 epponet.
1012 431 1159 509 Uterque,
1188 431 1213 488 si

104 521 141 581 ad
158 519 353 598 eloquendum
370 519 492 584 venerit,
509 535 567 577 non
584 518 659 595 pius,
676 533 762 595 quam
780 511 894 601 scinci,
899 513 1076 593 eloquetur:
1101 511 1152 575 62.
1175 512 1209 582 Q.
1228 516 1243 563 7

103 605 222 682 quidem
245 601 391 670 Scaevola,
421 601 452 660 P.
477 603 520 670 F„
545 620 612 660 cum
634 600 826 679 postulasset,
850 607 883 658 ut
906 599 962 658 sibi
985 599 1101 668 fundus,
1126 599 1211 659 cuius

105 697 220 768 emptor
242 695 316 755 erat,
340 685 431 746 semel
446 685 638 754 indicaretur,
661 684 750 763 idque
767 683 903 757 penditur
918 685 956 743 ita
974 685 1106 752 iecissem
1131 684 1212 746 dixit.

103 792 136 833 se
157 773 252 851 piuris
275 773 443 831 aestimare:
473 771 585 830 addidit
615 777 733 829 centum
756 767 846 828 milia.
893 768 986 828 Nemo
1009 776 1061 837 est,
1085 768 1134 847 qui
1155 766 1251 826 hoc8

103 861 159 917 viri
183 858 254 917 honi
280 856 370 915 tuisse
400 862 501 931 neget:
530 854 678 931 sapientis,
703 859 825 930 negant:
859 859 892 912 ut
920 854 944 910 si
966 854 1101 921 minoris,
1125 869 1212 930 quam

106 943 259 1020 potuisset,
283 939 468 1000 vendidisset.
507 939 586 998 Haec
609 939 700 1016 igitur
723 945 767 997 est
788 937 837 997 iila
860 939 1017 1015 pernicies,
1041 936 1119 1014 quod
1143 935 1248 995 otiose

11 1052 20 1063 ·
105 1027 210 1093 honos,
233 1024 305 1085 alios
328 1026 478 1102 sapientes
501 1025 677 1083 existimant.
716 1022 760 1082 Ex
781 1040 839 1100 qrro
854 1023 974 1089 Ennius
998 1024 1215 1096 necquicquam

104 1127 213 1186 sapere
234 1106 413 1183 sapientem,
438 1111 491 1182 qut
509 1111 574 1183 ipse
599 1109 656 1167 sthi
679 1109 823 1181 prodesse
848 1124 908 1167 aaa
936 1108 1042 1181 quiret.
1088 1104 1163 1172 Vere
1185 1103 1214 1164 id

106 1194 242 1274 quidem,
271 1194 308 1261 si,
339 1191 409 1271 quid
440 1199 518 1252 esset
539 1194 696 1268 prodesse,
725 1191 795 1250 mihi
825 1208 889 1249 eum
914 1189 1009 1249 Ennio
1032 1192 1215 1249 conveniret.

108 1277 160 1339 63.
183 1277 362 1337 Hecatonem
385 1276 505 1352 qrridem
528 1276 690 1343 Rhodium,
715 1273 890 1354 discipulum
913 1275 1053 1343 Panaetii,
1076 1275 1160 1334 video
1183 1276 1213 1333 in
1235 1275 1268 1323 10

109 1365 146 1423 iis
169 1362 262 1429 libris,
286 1377 360 1439 quos
382 1361 419 1419 de
435 1360 538 1420 officiis
554 1361 676 1436 scripsit
695 1358 728 1430 Q.
745 1359 907 1424 Tuberoni,
932 1359 1041 1426 dicere,
1065 1359 1216 1434 Sapientis

107 1465 178 1520 esse,
196 1447 271 1506 atate
286 1452 396 1506 contra
410 1461 515 1517 mores,
540 1448 629 1519 depes,
654 1447 788 1504 instituta
807 1444 982 1517 facientem,
999 1444 1110 1502 habac
1125 1444 1216 1503 ratio

107 1548 172 1590 uem
201 1533 248 1589 ret
264 1529 442 1601 familiaris.
480 1531 583 1603 Neque
604 1532 682 1588 ear'ra
704 1531 797 1588 solum
820 1529 903 1588 aobts
925 1530 1029 1587 diuites
1050 1544 1112 1587 esse
1134 1530 1216 1587 uotu—
1237 1527 1267 1575 11

106 1633 179 1688 raus,
203 1617 257 1674 sed
277 1615 392 1682 liberis,
418 1616 603 1691 propinquis,
628 1616 748 1686 aratris,
779 1616 967 1686 maximeque
995 1613 1217 1687 reipublicae:

106 1703 292 1774 sereniorem
308 1700 384 1757 caira
394 1697 565 1770 facultates
579 1705 608 1756 et
627 1701 734 1773 copiae
748 1693 870 1758 dtattr'ae
890 1704 959 1757 suut
978 1699 1117 1757 ciuitatis.
1144 1695 1217 1755 Huic
1236 1697 1270 1745 12

108 1782 265 1843 Scaevolae
292 1783 417 1850 factum,
446 1781 482 1840 de
505 1800 563 1859 quo
585 1780 672 1860 paulo
701 1791 769 1842 ante
792 1782 860 1849 dixi,
884 1781 1002 1860 placere
1025 1779 1106 1840 nulio
1129 1781 1216 1865 modo

108 1876 219 1946 potest;
244 1867 352 1926 etenim
376 1866 495 1925 omnino
510 1873 623 1925 tantum
646 1883 678 1925 se
701 1873 788 1942 negat
810 1867 956 1926 iacturum
980 1865 1149 1943 compendii
1172 1865 1219 1925 sui

107 2033 166 2084 witi
178 2031 262 2083 durch
274 2030 333 2082 sein
347 2031 444 2081 Gebot.
458 2059 491 2066 -
504 2037 600 2082 contra
619 2047 647 2081 se
665 2030 783 2082 lineatur
791 2051 801 2090 ;
819 2030 867 2082 des
884 2030 965 2083 Wcrt
987 2031 1135 2081 reticeatur
1147 2030 1220 2081 wire

109 2101 152 2151 ein
172 2090 249 2163 ἅπαξ
270 2091 423 2164 λεγόμενον
445 2097 496 2147 wie
514 2097 536 2160 Ι,
557 2101 597 2160 22,
616 2102 630 2149 7
649 2096 789 2164 perentior
805 2097 843 2163 ΙΙ,
863 2115 886 2152 c.
904 2102 947 2163 20,
966 2101 996 2148 12
1020 2097 1143 2148 utentior
1165 2098 1219 2149 und
1277 2152 1284 2171 ι

109 2168 210 2219 mdeste
228 2165 310 2217 hera
318 2182 335 2216 n
343 2164 487 2216 terbieten
497 2163 628 2216 bedenten
639 2163 706 2232 (egl.
720 2163 869 2229 recludere,
879 2163 1087 2230 resisteremus.
1104 2165 1147 2216 De
1156 2167 1220 2217 eber

112 2252 147 2287 an
166 2235 210 2286 ein
227 2232 331 2285 solches
352 2231 515 2285 schwerlich
532 2230 649 2298 gedecht
669 2232 721 2297 ist,
739 2232 800 2283 weil
818 2231 875 2284 dies
894 2248 946 2284 nur
968 2232 1056 2284 einem
1074 2232 1219 2295 redemtor,

113 2302 191 2354 nicht
203 2301 289 2354 einem
303 2306 390 2351 emtor
400 2299 489 2351 helien
499 2300 616 2362 kdnnte3
631 2317 660 2351 so
671 2298 707 2351 ist
720 2299 792 2351 wohl
805 2308 903 2352 contre
914 2316 943 2350 se
961 2299 1005 2351 iic.
1027 2299 1074 2351 das
1093 2299 1221 2367 Richtige

113 2370 170 2422 und
189 2386 224 2420 en
249 2368 327 2419 einen
350 2367 525 2419 scheinberen
544 2367 683 2420 Mitbieter
707 2384 741 2418 zu
763 2366 882 2429 denken,
907 2367 955 2418 der
977 2368 1063 2418 durch
1087 2367 1221 2434 niedriges

111 2437 240 2504 Angebat
253 2435 309 2487 und
324 2435 486 2501 Mehrgebot
501 2434 544 2485 die
557 2434 687 2488 Keuiiust
699 2452 733 2487 au
752 2434 879 2503 dimpten
897 2435 985 2490 sucht.
997 2463 1027 2472 —-
1043 2437 1080 2486 ad
1093 2436 1221 2502 eloquen-

111 2508 177 2557 dum
196 2520 257 2555 aum
275 2503 403 2568 Angebat
420 2502 468 2553 des
485 2501 599 2554 Preises.

179 2576 201 2623 7.
221 2573 367 2630 Scaevam,-
389 2588 410 2625 s.
433 2569 501 2634 I,·c.
526 2575 567 2634 32,
585 2575 609 2622 4.
627 2598 660 2607 —
683 2572 764 2622 semel
785 2571 912 2622 iudicare
933 2570 985 2622 den
1009 2568 1086 2621 Preis
1108 2570 1152 2621 ein
1176 2569 1221 2621 fuir

115 2637 221 2691 ellemal
239 2637 264 2693 d.
282 2636 308 2688 h.
328 2637 398 2689 ohne
415 2636 567 2703 Aufschlag
585 2637 715 2704 angeben.
733 2665 767 2676 -
785 2640 943 2700 aestimare,
962 2636 1078 2688 niimlich
1097 2637 1220 2689 fundum.

114 2741 148 2750 -
166 2713 274 2769 centurn
291 2706 384 2763 miliu5
406 2705 439 2756 ob
462 2707 606 2757 Sesterzen
630 2704 695 2756 oder
719 2705 785 2757 Asse
807 2704 844 2757 ist
866 2704 1045 2766 zweifelheft3
1069 2705 1121 2754 wie
1143 2720 1221 2771 gross

113 2774 150 2826 ist
172 2773 220 2825 der
240 2772 420 2824 Unterschied
442 2772 488 2823 rtir
508 2771 585 2823 beide
605 2771 752 2823 1111ιοῖ-
773 2781 891 2836 repant:
918 2771 994 2823 mehr
1012 2788 1047 2822 zu
1065 2771 1162 2837 geben,
1182 2770 1221 2822 als

112 2841 160 2892 der
178 2839 331 2892 Verkdut‘er
349 2839 466 2904 fordere,
495 2839 534 2891 sei
562 2838 639 2891 nicht
660 2838 826 2906 verstdndig.
846 2868 878 2877 -·
896 2847 928 2891 ut
950 2841 975 2890 si
997 2855 1026 2890 so
1051 2839 1154 2904 menig,
1181 2838 1221 2891 als

113 2925 196 2959 wenn
211 2948 216 2958 .
230 2944 236 2958 .
250 2946 277 2962 ..

179 2980 203 3028 9.
227 2975 329 3039 spitum
355 2973 434 3026 hcine
458 2973 615 3040 Folgerung
645 2991 694 3026 eus
725 2973 784 3025 dem
811 2973 1073 3040 Vcrhergehenden,
1102 2975 1220 3025 sondern

113 3043 208 3094 Cicero
226 3040 335 3094 scheint
351 3041 402 3093 mit
418 3041 504 3108 igitur
522 3041 573 3093 eui
587 3041 639 3092 den
657 3040 897 3109 Hauptgedenken
921 3041 1008 3093 dieser
1024 3057 1131 3108 genuen
1152 3042 1222 3093 Aus-

113 3109 363 3175 einandersetzung
386 3111 419 3169 (c.
439 3114 463 3173 3,
481 3114 497 3161 3
516 3125 542 3161 u.
562 3126 585 3160 c.
603 3114 628 3173 7,
645 3111 675 3173 6)
695 3109 937 3176 zuriickzugehen3
961 3111 1017 3175 vgi.
1041 3126 1064 3160 o.
1085 3113 1126 3174 16,
1146 3113 1170 3161 7.
1189 3136 1222 3147 -

112 3180 163 3230 illa
181 3177 333 3246 persides,-
355 3194 377 3228 c.
397 3181 420 3241 7,
438 3180 454 3228 6
472 3175 571 3243 pestis;
595 3174 638 3226 die
660 3176 960 3244 verderbenbringende
981 3175 1166 3243 Vorsteilung.
1190 3205 1219 3213 -

115 3247 186 3297 alios
204 3271 237 3280 —
256 3245 341 3301 alios:
359 3244 412 3309 egi,
433 3261 454 3299 c.
474 3247 514 3309 14,
535 3248 575 3296 10.
594 3271 628 3282 -
645 3244 690 3295 Ea
708 3263 775 3310 quo,·
792 3245 970 3311 Demzufolge
988 3261 1054 3309 nun,
1073 3244 1098 3297 d.
1111 3244 1138 3298 h.
1154 3243 1222 3295 nach

115 3311 202 3364 dieser
224 3310 429 3362 irrthrimlichen
453 3310 644 3377 Vorstellung,
666 3311 721 3378 vgl.
738 3312 759 3376 Ι,
779 3329 800 3364 c.
819 3317 845 3378 7,
863 3319 887 3365 4.
906 3341 938 3350 -
957 3313 1069 3364 Ennius
1088 3312 1116 3363 in
1134 3312 1223 3363 seiner

112 3379 222 3431 Medea:
254 3377 309 3440 Qut
327 3378 385 3447 ipse
403 3377 455 3430 sibi
480 3379 589 3446 sapiens
608 3379 743 3498 prodesse
769 3397 823 3432 non
850 3379 918 3448 quit,
943 3380 1124 3448 nequicquam
1148 3378 1222 3447 sepit

115 3445 293 3513 (Trochrien).
312 3475 343 3484 -
366 3447 445 3510 Vere,
470 3446 586 3497 ndmlich
627 3447 724 3509 iceret3
752 3463 779 3498 es
798 3447 890 3499 wiirde
909 3448 986 3499 wehr
1002 3447 1076 3511 sein,
1095 3463 1175 3497 avenn
1193 3463 1223 3497 er

116 3513 241 3580 prodesse
258 3512 295 3564 im
312 3512 448 3580 richtigen
467 3513 659 3567 Verstendniss
677 3520 763 3580 segte.

184 3585 223 3632 10.
243 3580 351 3647 quidem
362 3605 396 3624 =
408 3601 432 3633 z.
447 3581 495 3646 B.;
514 3581 569 3648 vgl.
588 3585 612 3646 1,
630 3599 653 3634 c.
674 3586 714 3640 26,
733 3588 763 3634 3:
780 3599 809 3634 es
827 3581 897 3648 iolgt
910 3581 1027 3632 ndmlich
1039 3580 1083 3630 ein
1097 3579 1224 3646 Beispiel,

115 3647 1224 3779 {33⁸dihddhdidhd”diesimiiiffoedi'a‘sdufff“hid-did?’-
1305 3724 1308 3730 ·

116 3782 183 3835 fiber
206 3784 258 3833 den
283 3782 346 3833 Ace.
370 3781 424 3848 egl.
443 3782 481 3846 ΙΙ,
504 3800 527 3838 c.
552 3789 591 3843 19,
617 3788 656 3834 11.
688 3812 721 3820 —
747 3756 847 3834 hhdere
869 3785 1004 3834 rationem
1034 3785 1075 3834 roi
1101 3782 1223 3836 Bedeeht

117 3850 233 3903 nehme'n
253 3849 305 3899 auf
318 3859 411 3912 etwas,
431 3849 485 3901 und
504 3866 580 3901 zwar
595 3867 635 3909 so,
653 3850 716 3901 dees
734 3867 797 3901 men
815 3867 843 3902 es
862 3851 901 3902 eis
916 3849 1089 3918 Hauptsache
1106 3850 1154 3901 der
1173 3851 1222 3901 Be·

116 3917 257 3983 rechnung
275 3916 437 3969 betrechtet.
457 3945 489 3955 -
508 3919 648 3976 coturnum
666 3917 830 3984 Uebergeng
849 3934 899 3968 zur
915 3917 1038 3969 directen
1057 3918 1223 3984 Anfrihrung

117 3985 207 4039 seiner
223 3985 328 4038 Worte.
346 4013 380 4022 -
398 3985 469 4036 euim
486 3983 594 4036 bezieht
610 3983 669 4036 sich
687 3985 748 4036 auf:
768 3985 934 4053 meximeque
951 3985 1030 4054 reipl,
1049 4015 1082 4023 —
1100 3987 1223 4036 ciuitatis

115 4053 176 4104 hier
192 4075 226 4095 =
244 4053 290 4105 des
309 4054 433 4105 Ganuen.

187 4125 227 4171 12.
246 4121 321 4173 Huic
340 4118 455 4171 ndmlich
484 4119 635 4172 Tuberoni.
655 4149 686 4158 -
706 4128 818 4173 tautum
836 4137 902 4184 nur;
927 4139 954 4173 es
972 4118 1052 4173 solite
1075 4119 1223 4186 cigentiieh

118 4189 237 4242 heissen:
262 4188 341 4251 dicit,
364 4205 392 4240 se
414 4186 441 4237 id
464 4194 584 4251 tentum,
607 4187 678 4255 quod
698 4205 751 4239 non
771 4187 864 4251 liceat,
884 4206 938 4240 non
957 4191 1108 4249 facturum
1128 4186 1182 4253 vgl.
1201 4191 1223 4239 Ι.

115 4274 141 4308 c.
161 4263 200 4321 11,
219 4259 234 4307 ὅ
254 4255 360 4309 nollem.
380 4284 413 4292 -
431 4254 621 4322 compendium
636 4255 791 4322 ‚eigentlich
814 4255 857 4307 die
874 4259 1034 4324 Ersparniss
1059 4257 1223 4322 (Gegenseta
