2826 4748
521 309 588 355 ure.
613 309 634 358 r.
680 307 755 355 cue.
783 310 845 356 xrr.
1196 294 1237 358 27

123 446 266 513 vinciam,
300 446 328 506 in
357 448 442 506 cuius
471 448 603 508 exercitu
632 447 748 508 Catonis
778 447 853 507 lilius
880 449 937 508 tiro
966 447 1119 511 militabat.
1165 449 1236 510 Cum

124 541 225 592 autem
247 530 360 608 Popilio
385 530 534 591 videretur
556 550 644 593 unam
669 531 817 593 dimittere
841 530 997 610 legionem,
1022 534 1140 595 Catonis
1163 553 1236 613 quo-

121 634 182 694 que
204 615 312 684 filiurn,
348 616 398 692 qui
422 616 576 680 ineadem
602 616 717 693 legione
741 614 898 683 militabat,
922 617 1042 677 dimisit.
1087 617 1144 678 Sed
1168 636 1233 678 cum
1256 617 1285 665 11

125 719 226 761 amore
248 700 399 779 pugnandi
415 703 445 760 in
470 703 600 762 exercitu
617 704 815 770 remansisset,
840 700 911 762 Cato
927 701 962 761 ad
979 701 1126 778 Popilium
1142 704 1236 781 scrip-

125 788 178 852 sit,
214 794 259 853 ut,
293 787 317 843 si
348 803 413 844 eum
444 787 572 864 patiatur
602 789 632 845 in
661 787 791 846 exercitu
812 803 982 852 remanere,
1015 786 1145 847 secundo
1168 804 1235 847 eum

121 869 238 946 obliget
260 869 382 929 militiae
397 880 596 930 sacramento:
620 872 698 947 quia,
724 872 823 950 priore
839 872 955 938 amisso,
979 873 1044 931 iure
1059 889 1126 931 oum
1143 870 1235 931 hosti·

126 954 180 1014 bus
197 971 330 1032 pugnare
346 972 403 1013 nou
419 953 559 1034 poterat]
604 951 655 1015 37.
679 954 758 1014 Adeo
788 973 901 1015 summa
930 962 994 1014 erat
1015 955 1180 1016 observatio
1204 957 1287 1016 in12

126 1038 204 1099 bello
238 1037 394 1098 movendo.
449 1039 539 1099 Marci
573 1039 690 1118 quidem
721 1040 839 1100 Catonis
871 1042 951 1098 senis
986 1046 1015 1098 et
1047 1039 1170 1117 epistola
1200 1038 1236 1099 ad

124 1124 257 1183 Marcum
279 1123 387 1196 lilium,
411 1125 441 1183 in
465 1142 521 1202 qua
545 1123 656 1189 scribit,
681 1143 712 1183 se
735 1124 868 1192 audisse,
892 1141 958 1184 eum
982 1126 1102 1184 missum
1125 1125 1235 1184 facturn

126 1226 192 1268 esse
221 1225 236 1266 a
266 1206 388 1268 consule
420 1226 485 1268 cum
516 1211 547 1268 iu
575 1208 747 1268 Macedonia
776 1208 853 1269 bello
880 1208 1000 1267 Persico
1028 1208 1112 1268 miles
1144 1217 1233 1268 esset.

126 1293 223 1354 lllonet
251 1293 355 1368 igitur,
390 1301 423 1353 ut
451 1301 564 1362 caveai,
600 1312 636 1351 ne
666 1293 811 1371 proelium
841 1297 928 1352 ineat.
974 1294 1068 1370 Negat
1089 1294 1166 1353 enim
1189 1295 1235 1353 ius

122 1395 201 1444 esse,
225 1377 275 1455 qui
299 1376 382 1435 miles
404 1396 462 1437 non
486 1379 532 1445 sit,
556 1395 622 1437 cum
646 1377 730 1437 hoste
753 1395 896 1456 pugnare.

208 1460 352 1538 Equidem
369 1463 455 1521 etiam
472 1460 542 1521 illud
564 1461 773 1530 animadverto,
791 1462 878 1541 quod,
903 1464 952 1538 qui
968 1465 1088 1540 proprio
1105 1463 1233 1530 nomine,
1247 1453 1285 1516 12

125 1545 287 1624 perduellis
310 1555 396 1615 esset,
420 1549 444 1605 is
465 1543 560 1606 hostis
581 1555 745 1616 vocaretur,
769 1546 889 1606 lenitate
912 1546 995 1606 verbi
1017 1549 1061 1606 rei
1084 1548 1234 1606 tristitiam

128 1631 298 1707 mitigatam.
331 1631 429 1689 Hostis
453 1633 529 1690 enim
553 1630 630 1710 apud
647 1633 773 1691 maiores
789 1638 906 1691 nostros
921 1633 947 1690 is
961 1631 1123 1699 dicebatur,
1147 1647 1233 1708 quern

126 1733 205 1774 nunc
228 1717 418 1792 peregrinum
441 1715 575 1776 dicimus.
614 1716 747 1776 Indicant
764 1716 920 1776 duodecim
943 1715 1069 1785 tabulae,
1092 1723 1132 1784 ut,
1156 1728 1268 1775 sue-2
1361 1741 1364 1748 ·

125 1812 188 1860 aus
204 1812 284 1860 mus
308 1811 376 1858 cum
395 1813 522 1860 nosue:
546 1804 691 1877 itemque,
712 1813 891 1860 ADVERSUS
914 1812 1056 1860 HOSTuM
1073 1812 1234 1859 AETERNA

124 1895 354 1946 accionibus.
406 1884 481 1955 Quid
504 1885 539 1944 ad
563 1888 637 1944 banc
662 1878 914 1945 mansuetudinem
936 1883 1001 1943 addi
1026 1891 1131 1961 potest,
1155 1902 1232 1952 eum,
1252 1898 1267 1945 3

125 1971 246 2047 quicum
268 1968 376 2028 bellum
399 1987 492 2047 geras,
517 1978 574 2028 tam
591 1969 672 2029 molli
696 1970 813 2029 nomine
836 1967 1005 2047 appellare?
1049 1967 1232 2045 Quamquam

125 2053 154 2112 id
171 2071 276 2114 nomeu
293 2053 396 2114 durius
418 2053 514 2113 effecit
532 2056 589 2112 iarn
615 2062 751 2115 vetustas.
781 2055 802 2111 Α
821 2055 978 2132 peregrino
1002 2053 1079 2111 enirn
1102 2053 1232 2120 recessit,

123 2146 156 2197 et
176 2140 297 2217 proprie
319 2142 350 2199 iu
374 2157 423 2208 eo,
453 2141 503 2215 qui
525 2155 604 2200 arma
629 2150 730 2197 contre
755 2140 860 2206 lerret,
891 2138 1040 2197 remansit.
1085 2133 1137 2198 38.
1160 2136 1268 2198 Cuma
1310 2130 1318 2144 '

124 2240 194 2282 aero
224 2225 266 2283 de.
287 2225 411 2300 imperio
440 2224 609 2283 decertatur
642 2221 778 2301 belloque
811 2224 963 2301 quaeritur
991 2221 1097 2299 gloria,
1132 2238 1234 2281 causas

124 2311 248 2367 omuino
276 2307 397 2367 subesse
425 2316 522 2368 tamen
551 2316 668 2386 oportet
696 2309 828 2374 easdem,
863 2325 935 2386 quas
964 2306 1024 2366 dixi
1052 2306 1138 2384 paulo
1165 2313 1233 2365 ante

127 2518 172 2558 ten
192 2505 356 2572 Erzdblung
386 2508 435 2559 mit
458 2509 568 2574 quidem
590 2506 632 2558 ein
653 2506 733 2573 ,(vgl.
752 2524 775 2560 c.
794 2510 836 2570 26,
855 2508 892 2569 3).
909 2533 941 2542 -
960 2523 1088 2572 pappare
1109 2522 1162 2556 von
1182 2522 1233 2572 pu·

124 2573 408 2641 gnandisyutactiacb
420 2573 605 2638 verschiedne,
618 2575 707 2626 indam
726 2573 775 2625 der
786 2574 839 2625 Inl.
854 2573 969 2639 Subject
986 2572 1023 2624 ist
1042 2572 1097 2624 und
1115 2573 1157 2624 iua
1176 2589 1233 2623 csse

56 2666 59 2685 ι
124 2665 158 2685 ==
175 2641 276 2693 iustum
299 2659 355 2694 esse
377 2642 520 2694 Prddilrat.
556 2643 593 2694 So
616 2641 724 2693 werden
744 2659 798 2692 moa
816 2650 872 2702 eat,
895 2650 1000 2708 tempus
1018 2651 1068 2704 est,
1088 2639 1232 2692 consilium

124 2709 189 2761 iniit
206 2709 365 2771 conectunt,
384 2726 461 2760 wenn
481 2709 523 2760 bei
541 2710 624 2761 ihnen
642 2710 686 2761 die
704 2707 895 2775 adjectivische
916 2708 981 2759 oder
1000 2706 1107 2759 verbale
1126 2706 1233 2761 Bedeu-

126 2792 198 2844 sung
216 2777 366 2840 (usitatum,
386 2777 575 2844 tempestivum
595 2785 643 2841 est,
663 2775 818 2836 constituit)
837 2775 912 2827 mehr
929 2776 958 2826 in
971 2775 1023 2826 den
1037 2774 1233 2840 Vordergrund

125 2844 189 2964 {riltt
202 2845 242 2898 als
254 2844 297 2896 die
306 2843 533 2896 substantiviscbe
546 2846 627 2897 Fortu
640 2843 688 2896 der
700 2843 861 2899 Redeusart.
887 2843 950 2910 Vgl,
965 2860 987 2894 c.
1003 2847 1044 2908 12,
1057 2848 1072 2895 3
1085 2841 1231 2910 appellare.

142 2914 176 2976 1,
198 2917 240 2977 10,
259 2917 284 2965 7.
302 2918 344 2979 33,
362 2917 387 2964 4.

624 3019 692 3068 Kae.
713 3018 753 3067 12.

196 3120 219 3166 1,
238 3116 311 3181 qood
329 3143 362 3153 —
380 3123 536 3179 vocaretur,
549 3114 592 3165 ein
606 3112 782 3182 explicativer
793 3113 949 3166 Nebensatz
968 3123 1009 3176 teo
1023 3112 1105 3179 quod)
1125 3128 1159 3163 au
1172 3111 1231 3164 dem

126 3198 181 3233 von
200 3180 333 3232 animadv.
352 3181 523 3249 abhdugigen
543 3183 607 3234 Aee.
627 3199 649 3235 c.
669 3179 940 3243 1nf.,desshalbder
959 3179 1141 3246 conjunctim
1164 3178 1232 3231 illud

127 3248 226 3315 gebdrt
248 3247 303 3300 also
331 3248 408 3300 nicht
430 3265 464 3300 zu
484 3249 571 3316 quod,
592 3248 709 3301 aondern
738 3248 816 3301 leitet
837 3247 888 3299 den
908 3248 971 3299 Acc.
993 3265 1015 3301 c.
1034 3247 1088 3298 Ins.
1106 3247 1162 3310 ein,
1180 3247 1233 3298 wie

125 3318 201 3370 Caes.
219 3317 244 3368 b.
264 3318 298 3368 G.
318 3317 341 3377 1,
361 3321 375 3369 'l
395 3316 556 3368 Caesari-
575 3334 655 3384 quum
674 3319 703 3368 id
723 3317 882 3369 nunciatum
902 3324 981 3378 esset,
1000 3332 1044 3367 eoa
1059 3356 1065 3367 .
1080 3356 1106 3370 ..
1127 3315 1232 3368 conari.

126 3413 160 3464 —-·
175 3385 343 3503 pgrdoelliad:
359 3383 459 3464 bellum
481 3400 530 3502 taua
548 3384 665 3503 duelll3um
689 3384 853 3504 erlrtatar÷deg
875 3381 1234 3502 (tBellona=tDtuellr‹>1na),

125 3469 177 3504 ure
213 3469 302 3504 raaus
339 3468 477 3505 ura-u
509 3469 584 3503 =z.
631 3470 689 3514 .;v
721 3469 769 3503 ..c.
805 3491 812 3513 ‚
866 3468 882 3502 u
935 3467 970 3501 ur.
995 3468 1142 3502 -eaua
1182 3468 1232 3514 tes,

122 3519 293 3585 gewdbnllch
316 3529 421 3573 statuta
444 3519 508 3571 oder
535 3468 765 3572 constitutagdies
783 3519 827 3570 ein
848 3517 922 3585 geric
943 3517 1040 3570 tlicher
1057 3516 1179 3568 Termin.
1200 3545 1233 3554 -

125 3591 189 3639 erlo.
209 3589 279 3641 bost.
299 3597 353 3641 net.
374 3596 446 3639 auct.
467 3588 491 3639 d.
513 3588 538 3638 h.
559 3587 617 3639 dern
634 3586 766 3639 Frenden
786 3585 991 3651 (Niebtbdrger)
1010 3583 1164 3651 gegendber
1184 3583 1233 3635 bat

123 3654 172 3705 der
190 3655 321 3707 rdmiacha
334 3655 440 3721 Btirger
458 3654 501 3705 ein
521 3654 606 3706 durch
621 3655 700 3706 keine
712 3654 887 3722 Variiibrung
899 3653 1034 3704 endeudea
1049 3651 1232 3718 Beaitzrecht‚

125 3721 191 3773 oder
209 3722 439 3775 unverldscbliche
457 3722 614 3789 Giiltiglreit
631 3723 676 3774 des
698 3722 825 3774 Beaitzea.
1198 3775 1201 3780 .

160 3794 176 3841 3
195 3792 232 3842 ud
250 3791 322 3842 hanc
340 3809 374 3841 m.
394 3792 463 3842 eddi
481 3791 550 3842 noch
564 3790 639 3842 mehr
651 3790 735 3841 mildo
754 3790 833 3852 siben,
853 3787 923 3839 noch
936 3785 1064 3838 Milderea
1077 3786 1162 3845 thun;
1181 3787 1234 3837 wie

125 3856 225 3909 addere
241 3857 355 3924 gradum
379 3857 472 3908 seinen
491 3856 597 3909 Schritt
618 3857 838 3923 beschleunigeu.
859 3885 891 3893 -
910 3855 1063 3920 appellare,
1081 3853 1129 3907 der
1147 3854 1232 3907 Infin.

124 3924 165 3976 als
184 3925 349 3992 Apposition
377 3940 411 3976 au
431 3931 564 3980 manauet.
595 3934 666 3977 statt
691 3925 737 3976 des
762 3921 968 3991 gewdhnlicben
994 3922 1065 3973 Gen.
1085 3920 1234 3985 Gerundii3

124 3991 180 4058 agl,
198 4009 221 4049 c,
241 3998 279 4053 11,
299 3999 329 4044 12
348 4009 487 4060 pugnare3
508 3992 565 4044 Cic.
585 3992 618 4043 de
637 3992 670 4044 N.
691 3992 724 4043 D.
744 3992 797 4054 ΙΙΙ,
811 3997 844 4043 24
861 4005 986 4056 magnam
1006 3991 1156 4041 molestiam
1174 4004 1233 4039 aua-

121 4059 260 4127 capit...
297 4060 443 4114 Zeno...
472 4060 720 4111 commenticiarum
753 4058 906 4111 fabularum
942 4057 1081 4124 (mython)
1120 4057 1233 4107 reddere

123 4126 266 4184 rationem.
284 4157 317 4166 —
336 4129 364 4180 r'd
381 4147 477 4181 nomen
502 4127 546 4180 die
568 4129 741 4192 benennung
763 4125 856 4179 hostia.
876 4155 909 4166 -
927 4133 1052 4177 vetustae
1075 4123 1117 4174 die
1139 4123 1233 4189 Ldnge

123 4193 172 4246 dar
191 4194 254 4246 Zeia
281 4195 337 4247 und
365 4196 412 4248 der
439 4196 539 4249 darana
566 4195 744 4246 entatebende
761 4193 916 4246 Gabraoch.
934 4221 967 4231 ·—
985 4193 1099 4244 recessit
1119 4190 1162 4241 die
1181 4191 1234 4242 Ba·

126 4279 257 4330 nennung
275 4262 310 4315 ist
327 4263 415 4315 daven
435 4263 578 4316 abbanden
597 4264 765 4330 gekomrnen.
