<?xml version="1.0" encoding="UTF-8"?>
<!DOCTYPE html PUBLIC "-//W3C//DTD XHTML 1.0 Transitional//EN"
    "http://www.w3.org/TR/xhtml1/DTD/xhtml1-transitional.dtd">
<html xmlns="http://www.w3.org/1999/xhtml" xml:lang="en" lang="en">
 <head>
  <title>
</title>
<meta http-equiv="Content-Type" content="text/html;charset=utf-8" />
  <meta name='ocr-system' content='tesseract 3.04.00' />
  <meta name='ocr-capabilities' content='ocr_page ocr_carea ocr_par ocr_line ocrx_word'/>
</head>
<body>
  <div class='ocr_page' id='page_1' title='image "./deofficiislibri03cicegoog_0083.png"; bbox 0 0 2826 4748; ppageno 0'>
   <div class='ocr_carea' id='block_1_1' title="bbox 203 286 870 350">
    <p class='ocr_par' dir='ltr' id='par_1_1' title="bbox 203 286 870 350">
     <span class='ocr_line' id='line_1_1' title="bbox 203 286 870 350; baseline -0.001 0"><span class='ocrx_word' id='word_1_1' title='bbox 203 286 244 350; x_wconf 80' lang='grc'>74</span> <span class='ocrx_word' id='word_1_2' title='bbox 649 301 697 348; x_wconf 85' lang='lat' dir='ltr'>uu</span> <span class='ocrx_word' id='word_1_3' title='bbox 721 300 870 349; x_wconf 76' lang='lat' dir='ltr'>armeus</span> 
     </span>
    </p>
   </div>
   <div class='ocr_carea' id='block_1_2' title="bbox 150 436 1377 2370">
    <p class='ocr_par' dir='ltr' id='par_1_2' title="bbox 150 436 1377 2370">
     <span class='ocr_line' id='line_1_2' title="bbox 203 436 1320 515; baseline -0.004 -14"><span class='ocrx_word' id='word_1_4' title='bbox 203 458 262 501; x_wconf 93' lang='lat' dir='ltr'>non</span> <span class='ocrx_word' id='word_1_5' title='bbox 287 439 381 501; x_wconf 92' lang='lat' dir='ltr'>solum</span> <span class='ocrx_word' id='word_1_6' title='bbox 403 457 524 508; x_wconf 90' lang='lat' dir='ltr'>manus,</span> <span class='ocrx_word' id='word_1_7' title='bbox 553 439 604 500; x_wconf 86' lang='lat' dir='ltr'>scd</span> <span class='ocrx_word' id='word_1_8' title='bbox 629 440 716 499; x_wconf 90' lang='lat' dir='ltr'>etiam</span> <span class='ocrx_word' id='word_1_9' title='bbox 740 436 842 499; x_wconf 92' lang='lat' dir='ltr'>oculos</span> <span class='ocrx_word' id='word_1_10' title='bbox 865 437 1048 499; x_wconf 78' lang='lat' dir='ltr'>abstinentes</span> <span class='ocrx_word' id='word_1_11' title='bbox 1071 436 1192 497; x_wconf 88' lang='lat' dir='ltr'>hahere.</span> <span class='ocrx_word' id='word_1_12' title='bbox 1224 438 1320 515; x_wconf 78' lang='lat' dir='ltr'>Atque</span> 
     </span>
     <span class='ocr_line' id='line_1_3' title="bbox 202 521 1319 602; baseline -0.004 -18"><span class='ocrx_word' id='word_1_13' title='bbox 202 525 258 584; x_wconf 92' lang='lat' dir='ltr'>hoc</span> <span class='ocrx_word' id='word_1_14' title='bbox 280 526 359 586; x_wconf 89' lang='lat' dir='ltr'>idem</span> <span class='ocrx_word' id='word_1_15' title='bbox 382 522 547 602; x_wconf 86' lang='lat' dir='ltr'>Sophocles</span> <span class='ocrx_word' id='word_1_16' title='bbox 568 526 593 584; x_wconf 91' lang='lat' dir='ltr'>si</span> <span class='ocrx_word' id='word_1_17' title='bbox 615 525 644 583; x_wconf 93' lang='lat' dir='ltr'>iu</span> <span class='ocrx_word' id='word_1_18' title='bbox 667 523 845 584; x_wconf 79' lang='lat' dir='ltr'>athletarum</span> <span class='ocrx_word' id='word_1_19' title='bbox 868 521 1046 602; x_wconf 81' lang='lat' dir='ltr'>probatione</span> <span class='ocrx_word' id='word_1_20' title='bbox 1074 522 1213 588; x_wconf 82' lang='lat' dir='ltr'>dixisset.</span> <span class='ocrx_word' id='word_1_21' title='bbox 1242 523 1319 581; x_wconf 92' lang='lat' dir='ltr'>iusta</span> 
     </span>
     <span class='ocr_line' id='line_1_4' title="bbox 167 605 1321 687; baseline -0.003 -18"><span class='ocrx_word' id='word_1_22' title='bbox 167 608 436 687; x_wconf 78' lang='lat' dir='ltr'>areprehensione</span> <span class='ocrx_word' id='word_1_23' title='bbox 459 608 619 668; x_wconf 81' lang='lat' dir='ltr'>caruisset:</span> <span class='ocrx_word' id='word_1_24' title='bbox 650 616 732 668; x_wconf 90' lang='lat' dir='ltr'>tanta</span> <span class='ocrx_word' id='word_1_25' title='bbox 755 610 797 666; x_wconf 90' lang='lat' dir='ltr'>vis</span> <span class='ocrx_word' id='word_1_26' title='bbox 821 614 866 668; x_wconf 91' lang='lat' dir='ltr'>est</span> <span class='ocrx_word' id='word_1_27' title='bbox 888 616 917 667; x_wconf 85' lang='lat' dir='ltr'>et</span> <span class='ocrx_word' id='word_1_28' title='bbox 939 607 997 667; x_wconf 91' lang='lat' dir='ltr'>loci</span> <span class='ocrx_word' id='word_1_29' title='bbox 1020 615 1050 668; x_wconf 89' lang='lat' dir='ltr'>et</span> <span class='ocrx_word' id='word_1_30' title='bbox 1070 608 1224 683; x_wconf 87' lang='lat' dir='ltr'>temporis.</span> <span class='ocrx_word' id='word_1_31' title='bbox 1270 605 1321 674; x_wconf 78' lang='lat' dir='ltr'>Ut,</span> 
     </span>
     <span class='ocr_line' id='line_1_5' title="bbox 202 689 1320 772; baseline -0.004 -19"><span class='ocrx_word' id='word_1_32' title='bbox 202 695 311 772; x_wconf 89' lang='lat' dir='ltr'>siqui,</span> <span class='ocrx_word' id='word_1_33' title='bbox 341 711 408 752; x_wconf 92' lang='lat' dir='ltr'>cum</span> <span class='ocrx_word' id='word_1_34' title='bbox 437 709 557 753; x_wconf 91' lang='lat' dir='ltr'>causam</span> <span class='ocrx_word' id='word_1_35' title='bbox 581 693 619 752; x_wconf 93' lang='lat' dir='ltr'>sit</span> <span class='ocrx_word' id='word_1_36' title='bbox 641 700 779 762; x_wconf 91' lang='lat' dir='ltr'>acturus,</span> <span class='ocrx_word' id='word_1_37' title='bbox 807 693 836 751; x_wconf 92' lang='lat' dir='ltr'>in</span> <span class='ocrx_word' id='word_1_38' title='bbox 861 693 968 751; x_wconf 90' lang='lat' dir='ltr'>itinere</span> <span class='ocrx_word' id='word_1_39' title='bbox 991 699 1042 752; x_wconf 92' lang='lat' dir='ltr'>aut</span> <span class='ocrx_word' id='word_1_40' title='bbox 1063 693 1095 751; x_wconf 92' lang='lat' dir='ltr'>iu</span> <span class='ocrx_word' id='word_1_41' title='bbox 1119 689 1320 751; x_wconf 90' lang='lat' dir='ltr'>ambulatione</span> 
     </span>
     <span class='ocr_line' id='line_1_6' title="bbox 203 775 1320 855; baseline -0.004 -19"><span class='ocrx_word' id='word_1_42' title='bbox 203 795 303 837; x_wconf 90' lang='lat' dir='ltr'>secum</span> <span class='ocrx_word' id='word_1_43' title='bbox 333 778 397 852; x_wconf 90' lang='lat' dir='ltr'>ipse</span> <span class='ocrx_word' id='word_1_44' title='bbox 425 776 602 845; x_wconf 89' lang='lat' dir='ltr'>meditetur,</span> <span class='ocrx_word' id='word_1_45' title='bbox 631 783 681 837; x_wconf 90' lang='lat' dir='ltr'>aut</span> <span class='ocrx_word' id='word_1_46' title='bbox 707 776 824 855; x_wconf 88' lang='lat' dir='ltr'>siquid</span> <span class='ocrx_word' id='word_1_47' title='bbox 849 775 926 836; x_wconf 91' lang='lat' dir='ltr'>aliud</span> <span class='ocrx_word' id='word_1_48' title='bbox 952 777 1091 836; x_wconf 90' lang='lat' dir='ltr'>attentius</span> <span class='ocrx_word' id='word_1_49' title='bbox 1114 777 1234 852; x_wconf 84' lang='lat' dir='ltr'>cogitet,</span> <span class='ocrx_word' id='word_1_50' title='bbox 1258 789 1320 833; x_wconf 91' lang='lat' dir='ltr'>non</span> 
     </span>
     <span class='ocr_line' id='line_1_7' title="bbox 202 859 1320 939; baseline -0.004 -18"><span class='ocrx_word' id='word_1_51' title='bbox 202 860 455 939; x_wconf 86' lang='lat' dir='ltr'>reprehendatur:</span> <span class='ocrx_word' id='word_1_52' title='bbox 484 869 515 921; x_wconf 90' lang='lat' dir='ltr'>at</span> <span class='ocrx_word' id='word_1_53' title='bbox 540 860 597 920; x_wconf 93' lang='lat' dir='ltr'>hoc</span> <span class='ocrx_word' id='word_1_54' title='bbox 624 859 704 921; x_wconf 88' lang='lat' dir='ltr'>idem</span> <span class='ocrx_word' id='word_1_55' title='bbox 733 863 759 920; x_wconf 93' lang='lat' dir='ltr'>si</span> <span class='ocrx_word' id='word_1_56' title='bbox 789 863 821 920; x_wconf 92' lang='lat' dir='ltr'>iu</span> <span class='ocrx_word' id='word_1_57' title='bbox 849 861 985 920; x_wconf 85' lang='lat' dir='ltr'>convivio</span> <span class='ocrx_word' id='word_1_58' title='bbox 1007 861 1111 928; x_wconf 86' lang='lat' dir='ltr'>iaciat,</span> <span class='ocrx_word' id='word_1_59' title='bbox 1140 859 1320 918; x_wconf 90' lang='lat' dir='ltr'>inhumanus</span> 
     </span>
     <span class='ocr_line' id='line_1_8' title="bbox 152 941 1321 1023; baseline -0.004 -16"><span class='ocrx_word' id='word_1_60' title='bbox 152 959 184 1007; x_wconf 89' lang='lat'>10</span> <span class='ocrx_word' id='word_1_61' title='bbox 202 946 337 1005; x_wconf 86' lang='lat' dir='ltr'>rideatur</span> <span class='ocrx_word' id='word_1_62' title='bbox 352 947 470 1005; x_wconf 90' lang='lat' dir='ltr'>inscitia</span> <span class='ocrx_word' id='word_1_63' title='bbox 486 945 639 1023; x_wconf 80' lang='lat' dir='ltr'>temporie.</span> <span class='ocrx_word' id='word_1_64' title='bbox 679 941 749 1005; x_wconf 82' lang='lat'>145.</span> <span class='ocrx_word' id='word_1_65' title='bbox 774 944 831 1005; x_wconf 87' lang='lat' dir='ltr'>Sed</span> <span class='ocrx_word' id='word_1_66' title='bbox 848 962 891 1013; x_wconf 91' lang='lat' dir='ltr'>ea,</span> <span class='ocrx_word' id='word_1_67' title='bbox 915 962 992 1023; x_wconf 90' lang='lat' dir='ltr'>quae</span> <span class='ocrx_word' id='word_1_68' title='bbox 1007 943 1132 1004; x_wconf 91' lang='lat' dir='ltr'>multum</span> <span class='ocrx_word' id='word_1_69' title='bbox 1156 941 1193 1003; x_wconf 92' lang='lat' dir='ltr'>ab</span> <span class='ocrx_word' id='word_1_70' title='bbox 1216 943 1321 1002; x_wconf 91' lang='lat' dir='ltr'>burna·</span> 
     </span>
     <span class='ocr_line' id='line_1_9' title="bbox 202 1025 1320 1108; baseline -0.004 -20"><span class='ocrx_word' id='word_1_71' title='bbox 202 1031 293 1089; x_wconf 90' lang='lat' dir='ltr'>nitate</span> <span class='ocrx_word' id='word_1_72' title='bbox 317 1029 497 1107; x_wconf 87' lang='lat' dir='ltr'>discrepant,</span> <span class='ocrx_word' id='word_1_73' title='bbox 521 1038 563 1097; x_wconf 91' lang='lat' dir='ltr'>ut,</span> <span class='ocrx_word' id='word_1_74' title='bbox 587 1031 613 1087; x_wconf 91' lang='lat' dir='ltr'>si</span> <span class='ocrx_word' id='word_1_75' title='bbox 634 1030 700 1108; x_wconf 91' lang='lat' dir='ltr'>quis</span> <span class='ocrx_word' id='word_1_76' title='bbox 724 1031 754 1088; x_wconf 91' lang='lat' dir='ltr'>in</span> <span class='ocrx_word' id='word_1_77' title='bbox 777 1029 844 1089; x_wconf 86' lang='lat' dir='ltr'>foro</span> <span class='ocrx_word' id='word_1_78' title='bbox 866 1035 974 1097; x_wconf 88' lang='lat' dir='ltr'>cantet,</span> <span class='ocrx_word' id='word_1_79' title='bbox 998 1036 1048 1089; x_wconf 89' lang='lat' dir='ltr'>aut</span> <span class='ocrx_word' id='word_1_80' title='bbox 1069 1029 1095 1087; x_wconf 91' lang='lat' dir='ltr'>si</span> <span class='ocrx_word' id='word_1_81' title='bbox 1116 1044 1173 1106; x_wconf 92' lang='lat' dir='ltr'>qna</span> <span class='ocrx_word' id='word_1_82' title='bbox 1197 1035 1243 1087; x_wconf 90' lang='lat' dir='ltr'>est</span> <span class='ocrx_word' id='word_1_83' title='bbox 1264 1025 1320 1085; x_wconf 89' lang='lat' dir='ltr'>alia</span> 
     </span>
     <span class='ocr_line' id='line_1_10' title="bbox 204 1109 1321 1192; baseline -0.004 -18"><span class='ocrx_word' id='word_1_84' title='bbox 204 1132 309 1190; x_wconf 83' lang='lat' dir='ltr'>magna</span> <span class='ocrx_word' id='word_1_85' title='bbox 339 1115 531 1192; x_wconf 87' lang='lat' dir='ltr'>perversitas,</span> <span class='ocrx_word' id='word_1_86' title='bbox 561 1111 648 1173; x_wconf 89' lang='lat' dir='ltr'>lacile</span> <span class='ocrx_word' id='word_1_87' title='bbox 679 1121 838 1191; x_wconf 88' lang='lat' dir='ltr'>apparent,</span> <span class='ocrx_word' id='word_1_88' title='bbox 862 1130 918 1172; x_wconf 92' lang='lat' dir='ltr'>nec</span> <span class='ocrx_word' id='word_1_89' title='bbox 940 1129 1048 1190; x_wconf 82' lang='lat' dir='ltr'>magno</span> <span class='ocrx_word' id='word_1_90' title='bbox 1071 1129 1162 1188; x_wconf 88' lang='lat' dir='ltr'>opere</span> <span class='ocrx_word' id='word_1_91' title='bbox 1185 1109 1321 1171; x_wconf 90' lang='lat' dir='ltr'>admoni-</span> 
     </span>
     <span class='ocr_line' id='line_1_11' title="bbox 154 1194 1321 1276; baseline -0.006 -16"><span class='ocrx_word' id='word_1_92' title='bbox 154 1213 184 1260; x_wconf 91' lang='lat'>11</span> <span class='ocrx_word' id='word_1_93' title='bbox 203 1200 315 1258; x_wconf 89' lang='lat' dir='ltr'>tionem</span> <span class='ocrx_word' id='word_1_94' title='bbox 347 1203 377 1257; x_wconf 90' lang='lat' dir='ltr'>et</span> <span class='ocrx_word' id='word_1_95' title='bbox 405 1203 561 1276; x_wconf 87' lang='lat' dir='ltr'>praecepta</span> <span class='ocrx_word' id='word_1_96' title='bbox 592 1196 772 1257; x_wconf 89' lang='lat' dir='ltr'>desiderant.</span> <span class='ocrx_word' id='word_1_97' title='bbox 825 1195 906 1268; x_wconf 85' lang='lat' dir='ltr'>Quae</span> <span class='ocrx_word' id='word_1_98' title='bbox 936 1204 1034 1257; x_wconf 90' lang='lat' dir='ltr'>autern</span> <span class='ocrx_word' id='word_1_99' title='bbox 1063 1213 1154 1274; x_wconf 87' lang='lat' dir='ltr'>parva</span> <span class='ocrx_word' id='word_1_100' title='bbox 1182 1194 1321 1255; x_wconf 87' lang='lat' dir='ltr'>videntur</span> 
     </span>
     <span class='ocr_line' id='line_1_12' title="bbox 203 1277 1321 1361; baseline -0.004 -20"><span class='ocrx_word' id='word_1_101' title='bbox 203 1299 267 1342; x_wconf 86' lang='lat' dir='ltr'>esse</span> <span class='ocrx_word' id='word_1_102' title='bbox 296 1281 419 1347; x_wconf 89' lang='lat' dir='ltr'>delicta,</span> <span class='ocrx_word' id='word_1_103' title='bbox 448 1299 546 1359; x_wconf 88' lang='lat' dir='ltr'>neque</span> <span class='ocrx_word' id='word_1_104' title='bbox 575 1299 591 1342; x_wconf 95' lang='lat' dir='ltr'>a</span> <span class='ocrx_word' id='word_1_105' title='bbox 614 1280 716 1341; x_wconf 90' lang='lat' dir='ltr'>multis</span> <span class='ocrx_word' id='word_1_106' title='bbox 745 1279 873 1359; x_wconf 84' lang='lat' dir='ltr'>intelligi</span> <span class='ocrx_word' id='word_1_107' title='bbox 895 1288 1030 1361; x_wconf 89' lang='lat' dir='ltr'>possunt,</span> <span class='ocrx_word' id='word_1_108' title='bbox 1061 1280 1160 1341; x_wconf 91' lang='lat' dir='ltr'>abiis</span> <span class='ocrx_word' id='word_1_109' title='bbox 1188 1287 1233 1340; x_wconf 90' lang='lat' dir='ltr'>est</span> <span class='ocrx_word' id='word_1_110' title='bbox 1256 1277 1321 1338; x_wconf 92' lang='lat' dir='ltr'>dili·</span> 
     </span>
     <span class='ocr_line' id='line_1_13' title="bbox 153 1364 1321 1443; baseline -0.004 -14"><span class='ocrx_word' id='word_1_111' title='bbox 153 1381 184 1429; x_wconf 74' lang='grc'>12</span> <span class='ocrx_word' id='word_1_112' title='bbox 203 1367 322 1443; x_wconf 82' lang='lat' dir='ltr'>gentius</span> <span class='ocrx_word' id='word_1_113' title='bbox 345 1364 562 1426; x_wconf 86' lang='lat' dir='ltr'>declinandum.</span> <span class='ocrx_word' id='word_1_114' title='bbox 609 1364 697 1426; x_wconf 90' lang='lat' dir='ltr'>Utin</span> <span class='ocrx_word' id='word_1_115' title='bbox 720 1365 829 1426; x_wconf 87' lang='lat' dir='ltr'>fidibus</span> <span class='ocrx_word' id='word_1_116' title='bbox 851 1368 955 1427; x_wconf 91' lang='lat' dir='ltr'>autin</span> <span class='ocrx_word' id='word_1_117' title='bbox 979 1365 1068 1434; x_wconf 89' lang='lat' dir='ltr'>tibiis,</span> <span class='ocrx_word' id='word_1_118' title='bbox 1092 1366 1227 1443; x_wconf 89' lang='lat' dir='ltr'>quamvis</span> <span class='ocrx_word' id='word_1_119' title='bbox 1248 1382 1321 1442; x_wconf 89' lang='lat' dir='ltr'>pau-</span> 
     </span>
     <span class='ocr_line' id='line_1_14' title="bbox 202 1447 1321 1528; baseline -0.002 -20"><span class='ocrx_word' id='word_1_120' title='bbox 202 1449 263 1510; x_wconf 92' lang='lat' dir='ltr'>lum</span> <span class='ocrx_word' id='word_1_121' title='bbox 288 1449 468 1528; x_wconf 87' lang='lat' dir='ltr'>discrepent,</span> <span class='ocrx_word' id='word_1_122' title='bbox 492 1458 591 1510; x_wconf 90' lang='lat' dir='ltr'>tamen</span> <span class='ocrx_word' id='word_1_123' title='bbox 614 1448 643 1508; x_wconf 93' lang='lat' dir='ltr'>id</span> <span class='ocrx_word' id='word_1_124' title='bbox 667 1469 683 1510; x_wconf 91' lang='lat' dir='ltr'>a</span> <span class='ocrx_word' id='word_1_125' title='bbox 706 1452 820 1510; x_wconf 91' lang='lat' dir='ltr'>sciente</span> <span class='ocrx_word' id='word_1_126' title='bbox 837 1450 1032 1510; x_wconf 86' lang='lat' dir='ltr'>animadverti</span> <span class='ocrx_word' id='word_1_127' title='bbox 1048 1448 1137 1510; x_wconf 88' lang='lat' dir='ltr'>solet:</span> <span class='ocrx_word' id='word_1_128' title='bbox 1162 1450 1205 1509; x_wconf 92' lang='lat' dir='ltr'>sic</span> <span class='ocrx_word' id='word_1_129' title='bbox 1220 1447 1321 1507; x_wconf 87' lang='lat' dir='ltr'>riden-</span> 
     </span>
     <span class='ocr_line' id='line_1_15' title="bbox 203 1531 1325 1613; baseline -0.003 -20"><span class='ocrx_word' id='word_1_130' title='bbox 203 1533 271 1594; x_wconf 93' lang='lat' dir='ltr'>dum</span> <span class='ocrx_word' id='word_1_131' title='bbox 296 1536 392 1594; x_wconf 90' lang='lat' dir='ltr'>estin</span> <span class='ocrx_word' id='word_1_132' title='bbox 416 1535 482 1601; x_wconf 86' lang='lat' dir='ltr'>vita,</span> <span class='ocrx_word' id='word_1_133' title='bbox 506 1553 545 1596; x_wconf 91' lang='lat' dir='ltr'>ne</span> <span class='ocrx_word' id='word_1_134' title='bbox 567 1535 645 1594; x_wconf 84' lang='lat' dir='ltr'>sorte</span> <span class='ocrx_word' id='word_1_135' title='bbox 667 1534 737 1613; x_wconf 90' lang='lat' dir='ltr'>quid</span> <span class='ocrx_word' id='word_1_136' title='bbox 754 1533 919 1611; x_wconf 89' lang='lat' dir='ltr'>discrepet;</span> <span class='ocrx_word' id='word_1_137' title='bbox 943 1533 987 1593; x_wconf 90' lang='lat' dir='ltr'>vel</span> <span class='ocrx_word' id='word_1_138' title='bbox 1004 1531 1097 1594; x_wconf 89' lang='lat' dir='ltr'>multo</span> <span class='ocrx_word' id='word_1_139' title='bbox 1114 1535 1199 1593; x_wconf 91' lang='lat' dir='ltr'>etiam</span> <span class='ocrx_word' id='word_1_140' title='bbox 1216 1533 1325 1609; x_wconf 77' lang='lat' dir='ltr'>magis,</span> 
     </span>
     <span class='ocr_line' id='line_1_16' title="bbox 203 1617 1320 1698; baseline -0.004 -19"><span class='ocrx_word' id='word_1_141' title='bbox 203 1636 262 1698; x_wconf 85' lang='lat' dir='ltr'>quo</span> <span class='ocrx_word' id='word_1_142' title='bbox 291 1618 386 1678; x_wconf 89' lang='lat' dir='ltr'>maior</span> <span class='ocrx_word' id='word_1_143' title='bbox 414 1630 444 1678; x_wconf 89' lang='lat' dir='ltr'>et</span> <span class='ocrx_word' id='word_1_144' title='bbox 471 1617 579 1678; x_wconf 87' lang='lat' dir='ltr'>melior</span> <span class='ocrx_word' id='word_1_145' title='bbox 602 1621 768 1685; x_wconf 92' lang='lat' dir='ltr'>actionum,</span> <span class='ocrx_word' id='word_1_146' title='bbox 797 1636 884 1696; x_wconf 91' lang='lat' dir='ltr'>quam</span> <span class='ocrx_word' id='word_1_147' title='bbox 908 1636 1059 1686; x_wconf 89' lang='lat' dir='ltr'>sonorum,</span> <span class='ocrx_word' id='word_1_148' title='bbox 1083 1625 1244 1678; x_wconf 88' lang='lat' dir='ltr'>concentus</span> <span class='ocrx_word' id='word_1_149' title='bbox 1267 1624 1320 1676; x_wconf 88' lang='lat' dir='ltr'>est.</span> 
     </span>
     <span class='ocr_line' id='line_1_17' title="bbox 150 1698 1320 1781; baseline -0.003 -20"><span class='ocrx_word' id='word_1_150' title='bbox 150 1698 277 1762; x_wconf 87' lang='grc'><strong>41146.</strong></span> <span class='ocrx_word' id='word_1_151' title='bbox 301 1702 413 1781; x_wconf 87' lang='lat' dir='ltr'>ltaque,</span> <span class='ocrx_word' id='word_1_152' title='bbox 438 1709 471 1763; x_wconf 92' lang='lat' dir='ltr'>ut</span> <span class='ocrx_word' id='word_1_153' title='bbox 491 1703 520 1760; x_wconf 94' lang='lat' dir='ltr'>in</span> <span class='ocrx_word' id='word_1_154' title='bbox 543 1699 851 1780; x_wconf 82' lang='lat' dir='ltr'>fidibus&#39;musicorum</span> <span class='ocrx_word' id='word_1_155' title='bbox 868 1719 956 1762; x_wconf 89' lang='lat' dir='ltr'>aures</span> <span class='ocrx_word' id='word_1_156' title='bbox 972 1701 1017 1762; x_wconf 90' lang='lat' dir='ltr'>rel</span> <span class='ocrx_word' id='word_1_157' title='bbox 1033 1701 1155 1762; x_wconf 91' lang='lat' dir='ltr'>minima</span> <span class='ocrx_word' id='word_1_158' title='bbox 1171 1701 1320 1762; x_wconf 87' lang='lat' dir='ltr'>sentiunt:</span> 
     </span>
     <span class='ocr_line' id='line_1_18' title="bbox 203 1783 1321 1862; baseline 0 -17"><span class='ocrx_word' id='word_1_159' title='bbox 203 1789 247 1846; x_wconf 91' lang='lat' dir='ltr'>sic</span> <span class='ocrx_word' id='word_1_160' title='bbox 270 1805 333 1853; x_wconf 91' lang='lat' dir='ltr'>nos,</span> <span class='ocrx_word' id='word_1_161' title='bbox 358 1789 383 1845; x_wconf 88' lang='lat' dir='ltr'>si</span> <span class='ocrx_word' id='word_1_162' title='bbox 400 1803 484 1846; x_wconf 92' lang='lat' dir='ltr'>acres</span> <span class='ocrx_word' id='word_1_163' title='bbox 500 1804 534 1846; x_wconf 93' lang='lat' dir='ltr'>ac</span> <span class='ocrx_word' id='word_1_164' title='bbox 558 1785 715 1862; x_wconf 80' lang='lat' dir='ltr'>diligentes</span> <span class='ocrx_word' id='word_1_165' title='bbox 731 1804 797 1846; x_wconf 89' lang='lat' dir='ltr'>esse</span> <span class='ocrx_word' id='word_1_166' title='bbox 813 1783 950 1846; x_wconf 89' lang='lat' dir='ltr'>volumus</span> <span class='ocrx_word' id='word_1_167' title='bbox 963 1784 1221 1847; x_wconf 84' lang='lat' dir='ltr'>animadversores</span> <span class='ocrx_word' id='word_1_168' title='bbox 1236 1785 1321 1845; x_wconf 89' lang='lat' dir='ltr'>vitio·</span> 
     </span>
     <span class='ocr_line' id='line_1_19' title="bbox 169 1867 1323 1950; baseline -0.003 -20"><span class='ocrx_word' id='word_1_169' title='bbox 169 1887 279 1938; x_wconf 75' lang='lat' dir='ltr'>urum,</span> <span class='ocrx_word' id='word_1_170' title='bbox 304 1886 408 1946; x_wconf 86' lang='lat' dir='ltr'>magna</span> <span class='ocrx_word' id='word_1_171' title='bbox 432 1888 520 1948; x_wconf 88' lang='lat' dir='ltr'>saepe</span> <span class='ocrx_word' id='word_1_172' title='bbox 542 1869 743 1947; x_wconf 84' lang='lat' dir='ltr'>intelligemus</span> <span class='ocrx_word' id='word_1_173' title='bbox 766 1889 802 1930; x_wconf 85' lang='lat' dir='ltr'>ex</span> <span class='ocrx_word' id='word_1_174' title='bbox 817 1873 925 1950; x_wconf 88' lang='lat' dir='ltr'>parvis.</span> <span class='ocrx_word' id='word_1_175' title='bbox 963 1871 1006 1931; x_wconf 84' lang='lat' dir='ltr'>Ex</span> <span class='ocrx_word' id='word_1_176' title='bbox 1028 1868 1184 1931; x_wconf 90' lang='lat' dir='ltr'>oculorum</span> <span class='ocrx_word' id='word_1_177' title='bbox 1207 1867 1323 1936; x_wconf 83' lang='lat' dir='ltr'>obtutu,</span> 
     </span>
     <span class='ocr_line' id='line_1_20' title="bbox 204 1952 1321 2031; baseline 0.001 -18"><span class='ocrx_word' id='word_1_178' title='bbox 204 1971 238 2013; x_wconf 85' lang='lat' dir='ltr'>ex</span> <span class='ocrx_word' id='word_1_179' title='bbox 262 1952 488 2031; x_wconf 88' lang='lat' dir='ltr'>superciliorum</span> <span class='ocrx_word' id='word_1_180' title='bbox 518 1961 568 2013; x_wconf 90' lang='lat' dir='ltr'>aut</span> <span class='ocrx_word' id='word_1_181' title='bbox 596 1955 772 2015; x_wconf 88' lang='lat' dir='ltr'>remissione</span> <span class='ocrx_word' id='word_1_182' title='bbox 794 1964 844 2016; x_wconf 89' lang='lat' dir='ltr'>aut</span> <span class='ocrx_word' id='word_1_183' title='bbox 866 1956 1084 2024; x_wconf 86' lang='lat' dir='ltr'>contractione,</span> <span class='ocrx_word' id='word_1_184' title='bbox 1109 1973 1143 2015; x_wconf 86' lang='lat' dir='ltr'>ex</span> <span class='ocrx_word' id='word_1_185' title='bbox 1167 1953 1321 2019; x_wconf 85' lang='lat' dir='ltr'>maestitia,</span> 
     </span>
     <span class='ocr_line' id='line_1_21' title="bbox 204 2037 1357 2110; baseline -0.001 -13"><span class='ocrx_word' id='word_1_186' title='bbox 204 2056 239 2097; x_wconf 84' lang='lat' dir='ltr'>ex</span> <span class='ocrx_word' id='word_1_187' title='bbox 262 2037 421 2104; x_wconf 89' lang='lat' dir='ltr'>hilaritate,</span> <span class='ocrx_word' id='word_1_188' title='bbox 446 2057 481 2098; x_wconf 85' lang='lat' dir='ltr'>ex</span> <span class='ocrx_word' id='word_1_189' title='bbox 495 2039 568 2108; x_wconf 86' lang='lat' dir='ltr'>risu,</span> <span class='ocrx_word' id='word_1_190' title='bbox 593 2058 628 2100; x_wconf 81' lang='lat' dir='ltr'>ex</span> <span class='ocrx_word' id='word_1_191' title='bbox 651 2039 810 2110; x_wconf 87' lang='lat' dir='ltr'>locutione,</span> <span class='ocrx_word' id='word_1_192' title='bbox 835 2057 870 2100; x_wconf 87' lang='lat' dir='ltr'>ex</span> <span class='ocrx_word' id='word_1_193' title='bbox 886 2041 1051 2108; x_wconf 88' lang='lat' dir='ltr'>reticentia,</span> <span class='ocrx_word' id='word_1_194' title='bbox 1075 2059 1111 2100; x_wconf 83' lang='lat' dir='ltr'>ex</span> <span class='ocrx_word' id='word_1_195' title='bbox 1133 2039 1323 2100; x_wconf 86' lang='lat' dir='ltr'>contentione</span> <span class='ocrx_word' id='word_1_196' title='bbox 1354 2044 1357 2048; x_wconf 83' lang='lat'>&#39;</span> 
     </span>
     <span class='ocr_line' id='line_1_22' title="bbox 203 2121 1377 2193; baseline 0.003 -16"><span class='ocrx_word' id='word_1_197' title='bbox 203 2123 283 2183; x_wconf 84' lang='lat' dir='ltr'>uocis</span> <span class='ocrx_word' id='word_1_198' title='bbox 312 2130 342 2183; x_wconf 91' lang='lat' dir='ltr'>et</span> <span class='ocrx_word' id='word_1_199' title='bbox 369 2122 582 2193; x_wconf 90' lang='lat' dir='ltr'>submissione,</span> <span class='ocrx_word' id='word_1_200' title='bbox 617 2142 653 2184; x_wconf 85' lang='lat' dir='ltr'>ex</span> <span class='ocrx_word' id='word_1_201' title='bbox 681 2126 790 2184; x_wconf 88' lang='lat' dir='ltr'>ceteris</span> <span class='ocrx_word' id='word_1_202' title='bbox 819 2123 968 2185; x_wconf 90' lang='lat' dir='ltr'>similibus</span> <span class='ocrx_word' id='word_1_203' title='bbox 996 2122 1082 2184; x_wconf 85' lang='lat' dir='ltr'>facile</span> <span class='ocrx_word' id='word_1_204' title='bbox 1110 2121 1322 2190; x_wconf 90' lang='lat' dir='ltr'>iudicabimus,</span> <span class='ocrx_word' id='word_1_205' title='bbox 1375 2126 1377 2131; x_wconf 88' lang='lat'>&#39;</span> 
     </span>
     <span class='ocr_line' id='line_1_23' title="bbox 204 2207 1263 2286; baseline 0 -20"><span class='ocrx_word' id='word_1_206' title='bbox 204 2207 274 2285; x_wconf 90' lang='lat' dir='ltr'>quid</span> <span class='ocrx_word' id='word_1_207' title='bbox 299 2224 401 2267; x_wconf 91' lang='lat' dir='ltr'>eorum</span> <span class='ocrx_word' id='word_1_208' title='bbox 426 2215 494 2284; x_wconf 88' lang='lat' dir='ltr'>apte</span> <span class='ocrx_word' id='word_1_209' title='bbox 516 2209 575 2274; x_wconf 87' lang='lat' dir='ltr'>fiat,</span> <span class='ocrx_word' id='word_1_210' title='bbox 599 2207 669 2286; x_wconf 91' lang='lat' dir='ltr'>quid</span> <span class='ocrx_word' id='word_1_211' title='bbox 692 2208 728 2268; x_wconf 90' lang='lat' dir='ltr'>ab</span> <span class='ocrx_word' id='word_1_212' title='bbox 752 2209 851 2269; x_wconf 84' lang='lat' dir='ltr'>officio</span> <span class='ocrx_word' id='word_1_213' title='bbox 874 2215 1039 2286; x_wconf 88' lang='lat' dir='ltr'>naturaque</span> <span class='ocrx_word' id='word_1_214' title='bbox 1062 2207 1219 2285; x_wconf 84' lang='lat' dir='ltr'>discrepet.</span> <span class='ocrx_word' id='word_1_215' title='bbox 1261 2279 1263 2283; x_wconf 11' lang='lat' dir='ltr'>y</span> 
     </span>
     <span class='ocr_line' id='line_1_24' title="bbox 171 2290 1323 2370; baseline -0.001 -19"><span class='ocrx_word' id='word_1_216' title='bbox 171 2312 186 2360; x_wconf 84' lang='lat'><strong>3</strong></span> <span class='ocrx_word' id='word_1_217' title='bbox 291 2292 355 2362; x_wconf 83' lang='lat' dir='ltr'>Ouo</span> <span class='ocrx_word' id='word_1_218' title='bbox 371 2292 402 2350; x_wconf 92' lang='lat' dir='ltr'>in</span> <span class='ocrx_word' id='word_1_219' title='bbox 418 2308 529 2368; x_wconf 87' lang='lat' dir='ltr'>genere</span> <span class='ocrx_word' id='word_1_220' title='bbox 551 2309 610 2350; x_wconf 93' lang='lat' dir='ltr'>non</span> <span class='ocrx_word' id='word_1_221' title='bbox 635 2299 679 2351; x_wconf 88' lang='lat' dir='ltr'>est</span> <span class='ocrx_word' id='word_1_222' title='bbox 701 2291 933 2359; x_wconf 86' lang='lat' dir='ltr'>incommodum,</span> <span class='ocrx_word' id='word_1_223' title='bbox 958 2291 1044 2370; x_wconf 88' lang='lat' dir='ltr'>quale</span> <span class='ocrx_word' id='word_1_224' title='bbox 1067 2290 1196 2370; x_wconf 90' lang='lat' dir='ltr'>quidque</span> <span class='ocrx_word' id='word_1_225' title='bbox 1220 2307 1323 2350; x_wconf 88' lang='lat' dir='ltr'>eorum</span> 
     </span>
    </p>
   </div>
   <div class='ocr_carea' id='block_1_3' title="bbox 204 2372 1321 2454">
    <p class='ocr_par' dir='ltr' id='par_1_3' title="bbox 204 2372 1321 2454">
     <span class='ocr_line' id='line_1_25' title="bbox 204 2372 1321 2454; baseline -0.002 -18"><span class='ocrx_word' id='word_1_226' title='bbox 204 2377 251 2444; x_wconf 86' lang='lat' dir='ltr'>sit,</span> <span class='ocrx_word' id='word_1_227' title='bbox 276 2393 313 2435; x_wconf 87' lang='lat' dir='ltr'>ex</span> <span class='ocrx_word' id='word_1_228' title='bbox 336 2372 401 2435; x_wconf 91' lang='lat' dir='ltr'>aliis</span> <span class='ocrx_word' id='word_1_229' title='bbox 424 2375 567 2444; x_wconf 87' lang='lat' dir='ltr'>iudicare,</span> <span class='ocrx_word' id='word_1_230' title='bbox 591 2381 632 2439; x_wconf 83' lang='lat' dir='ltr'>ut,</span> <span class='ocrx_word' id='word_1_231' title='bbox 656 2378 682 2435; x_wconf 91' lang='lat' dir='ltr'>si</span> <span class='ocrx_word' id='word_1_232' title='bbox 705 2375 774 2454; x_wconf 92' lang='lat' dir='ltr'>quid</span> <span class='ocrx_word' id='word_1_233' title='bbox 799 2374 942 2435; x_wconf 88' lang='lat' dir='ltr'>dedeceat</span> <span class='ocrx_word' id='word_1_234' title='bbox 963 2377 994 2435; x_wconf 91' lang='lat' dir='ltr'>in</span> <span class='ocrx_word' id='word_1_235' title='bbox 1017 2375 1083 2445; x_wconf 89' lang='lat' dir='ltr'>illis,</span> <span class='ocrx_word' id='word_1_236' title='bbox 1107 2376 1232 2434; x_wconf 87' lang='lat' dir='ltr'>vitemus</span> <span class='ocrx_word' id='word_1_237' title='bbox 1253 2376 1321 2453; x_wconf 92' lang='lat' dir='ltr'>ipsi.</span> 
     </span>
    </p>
   </div>
   <div class='ocr_carea' id='block_1_4' title="bbox 159 2553 1325 3816">
    <p class='ocr_par' dir='ltr' id='par_1_4' title="bbox 202 2553 1322 2691">
     <span class='ocr_line' id='line_1_26' title="bbox 202 2553 1322 2624; baseline 0.001 -18"><span class='ocrx_word' id='word_1_238' title='bbox 202 2555 286 2617; x_wconf 81' lang='lat' dir='ltr'>docb3</span> <span class='ocrx_word' id='word_1_239' title='bbox 306 2555 359 2621; x_wconf 81' lang='lat' dir='ltr'>vgl.</span> <span class='ocrx_word' id='word_1_240' title='bbox 379 2553 431 2618; x_wconf 91' lang='lat' dir='ltr'>III,</span> <span class='ocrx_word' id='word_1_241' title='bbox 451 2559 493 2619; x_wconf 87' lang='lat'>11,</span> <span class='ocrx_word' id='word_1_242' title='bbox 511 2560 535 2608; x_wconf 90' lang='grc'>9.</span> <span class='ocrx_word' id='word_1_243' title='bbox 554 2584 586 2594; x_wconf 93' lang='grc'>-</span> <span class='ocrx_word' id='word_1_244' title='bbox 604 2556 733 2624; x_wconf 83' lang='lat' dir='ltr'>probatio</span> <span class='ocrx_word' id='word_1_245' title='bbox 756 2555 800 2609; x_wconf 88' lang='lat' dir='ltr'>die</span> <span class='ocrx_word' id='word_1_246' title='bbox 817 2556 983 2623; x_wconf 85' lang='lat' dir='ltr'>Mustcrung</span> <span class='ocrx_word' id='word_1_247' title='bbox 1006 2555 1061 2608; x_wconf 94' lang='lat' dir='ltr'>und</span> <span class='ocrx_word' id='word_1_248' title='bbox 1080 2556 1222 2624; x_wconf 70' lang='lat' dir='ltr'>Prdfflng,</span> <span class='ocrx_word' id='word_1_249' title='bbox 1246 2573 1269 2607; x_wconf 85' lang='lat' dir='ltr'>z.</span> <span class='ocrx_word' id='word_1_250' title='bbox 1289 2555 1322 2609; x_wconf 90' lang='lat' dir='ltr'>B.</span> 
     </span>
     <span class='ocr_line' id='line_1_27' title="bbox 203 2622 988 2691; baseline 0.004 -18"><span class='ocrx_word' id='word_1_251' title='bbox 203 2640 258 2674; x_wconf 87' lang='lat' dir='ltr'>von</span> <span class='ocrx_word' id='word_1_252' title='bbox 276 2622 405 2687; x_wconf 69' lang='lat' dir='ltr'>Thimea,</span> <span class='ocrx_word' id='word_1_253' title='bbox 423 2622 599 2674; x_wconf 84' lang='lat' dir='ltr'>Edslsteinen</span> <span class='ocrx_word' id='word_1_254' title='bbox 619 2639 645 2675; x_wconf 92' lang='lat' dir='ltr'>u.</span> <span class='ocrx_word' id='word_1_255' title='bbox 665 2623 720 2690; x_wconf 82' lang='lat' dir='ltr'>dgl.</span> <span class='ocrx_word' id='word_1_256' title='bbox 739 2623 810 2676; x_wconf 77' lang='lat' dir='ltr'>diter</span> <span class='ocrx_word' id='word_1_257' title='bbox 828 2624 988 2691; x_wconf 82' lang='lat' dir='ltr'>gebraucht.</span> 
     </span>
    </p>

    <p class='ocr_par' dir='ltr' id='par_1_5' title="bbox 201 2690 1324 3281">
     <span class='ocr_line' id='line_1_28' title="bbox 272 2690 1323 2760; baseline 0.001 -17"><span class='ocrx_word' id='word_1_258' title='bbox 272 2694 296 2743; x_wconf 86' lang='grc'>9.</span> <span class='ocrx_word' id='word_1_259' title='bbox 319 2690 355 2742; x_wconf 85' lang='lat' dir='ltr'>Ut</span> <span class='ocrx_word' id='word_1_260' title='bbox 365 2713 399 2733; x_wconf 87' lang='lat'>=</span> <span class='ocrx_word' id='word_1_261' title='bbox 412 2707 437 2744; x_wconf 82' lang='lat' dir='ltr'>u.</span> <span class='ocrx_word' id='word_1_262' title='bbox 457 2690 490 2742; x_wconf 91' lang='lat' dir='ltr'>B.</span> <span class='ocrx_word' id='word_1_263' title='bbox 502 2719 537 2729; x_wconf 86' lang='lat'>—</span> <span class='ocrx_word' id='word_1_264' title='bbox 552 2692 588 2744; x_wconf 87' lang='lat' dir='ltr'>Ut</span> <span class='ocrx_word' id='word_1_265' title='bbox 605 2693 631 2742; x_wconf 83' lang='lat' dir='ltr'>si</span> <span class='ocrx_word' id='word_1_266' title='bbox 648 2693 696 2760; x_wconf 81' lang='lat' dir='ltr'>qui</span> <span class='ocrx_word' id='word_1_267' title='bbox 713 2691 759 2743; x_wconf 78' lang='lat' dir='ltr'>sair</span> <span class='ocrx_word' id='word_1_268' title='bbox 776 2691 825 2744; x_wconf 85' lang='lat' dir='ltr'>dus</span> <span class='ocrx_word' id='word_1_269' title='bbox 836 2692 1027 2759; x_wconf 72' lang='lat' dir='ltr'>regelmissigc</span> <span class='ocrx_word' id='word_1_270' title='bbox 1045 2692 1119 2760; x_wconf 85' lang='lat' dir='ltr'>quis;</span> <span class='ocrx_word' id='word_1_271' title='bbox 1138 2690 1323 2758; x_wconf 75' lang='lat' dir='ltr'>rgl.c.32,1.</span> 
     </span>
     <span class='ocr_line' id='line_1_29' title="bbox 202 2756 1323 2827; baseline -0.003 -16"><span class='ocrx_word' id='word_1_272' title='bbox 202 2786 235 2796; x_wconf 95' lang='lat'>-</span> <span class='ocrx_word' id='word_1_273' title='bbox 253 2759 413 2812; x_wconf 83' lang='lat' dir='ltr'>meditetur:</span> <span class='ocrx_word' id='word_1_274' title='bbox 435 2756 480 2809; x_wconf 85' lang='lat' dir='ltr'>die</span> <span class='ocrx_word' id='word_1_275' title='bbox 503 2757 646 2822; x_wconf 80' lang='lat' dir='ltr'>meditatio</span> <span class='ocrx_word' id='word_1_276' title='bbox 667 2759 783 2812; x_wconf 79' lang='lat' dir='ltr'>nrofessi</span> <span class='ocrx_word' id='word_1_277' title='bbox 805 2759 849 2811; x_wconf 91' lang='lat' dir='ltr'>die</span> <span class='ocrx_word' id='word_1_278' title='bbox 866 2776 956 2826; x_wconf 82' lang='lat' dir='ltr'>genus</span> <span class='ocrx_word' id='word_1_279' title='bbox 974 2759 1179 2827; x_wconf 83' lang='lat' dir='ltr'>Vorbereitung</span> <span class='ocrx_word' id='word_1_280' title='bbox 1197 2758 1247 2811; x_wconf 82' lang='lat' dir='ltr'>uui</span> <span class='ocrx_word' id='word_1_281' title='bbox 1261 2757 1323 2809; x_wconf 85' lang='lat' dir='ltr'>eine</span> 
     </span>
     <span class='ocr_line' id='line_1_30' title="bbox 203 2824 1323 2895; baseline -0.001 -17"><span class='ocrx_word' id='word_1_282' title='bbox 203 2825 301 2889; x_wconf 74' lang='lat' dir='ltr'>Sschn,</span> <span class='ocrx_word' id='word_1_283' title='bbox 321 2841 344 2876; x_wconf 85' lang='lat' dir='ltr'>z.</span> <span class='ocrx_word' id='word_1_284' title='bbox 363 2824 396 2878; x_wconf 87' lang='lat' dir='ltr'>B.</span> <span class='ocrx_word' id='word_1_285' title='bbox 416 2825 478 2877; x_wconf 84' lang='lat' dir='ltr'>eine</span> <span class='ocrx_word' id='word_1_286' title='bbox 495 2825 581 2891; x_wconf 85' lang='lat' dir='ltr'>Rede,</span> <span class='ocrx_word' id='word_1_287' title='bbox 600 2826 654 2878; x_wconf 91' lang='lat' dir='ltr'>und</span> <span class='ocrx_word' id='word_1_288' title='bbox 673 2825 755 2879; x_wconf 82' lang='lat' dir='ltr'>deren</span> <span class='ocrx_word' id='word_1_289' title='bbox 772 2826 935 2894; x_wconf 82' lang='lat' dir='ltr'>Eiuribung,</span> <span class='ocrx_word' id='word_1_290' title='bbox 953 2827 1008 2895; x_wconf 82' lang='lat' dir='ltr'>rgl.</span> <span class='ocrx_word' id='word_1_291' title='bbox 1023 2827 1061 2895; x_wconf 83' lang='grc' dir='ltr'>ΙΙ,</span> <span class='ocrx_word' id='word_1_292' title='bbox 1078 2832 1217 2893; x_wconf 86' lang='grc'><strong>13,13.-</strong></span> <span class='ocrx_word' id='word_1_293' title='bbox 1230 2844 1323 2893; x_wconf 82' lang='lat' dir='ltr'>repre-</span> 
     </span>
     <span class='ocr_line' id='line_1_31' title="bbox 202 2892 1323 2962; baseline 0 -18"><span class='ocrx_word' id='word_1_294' title='bbox 202 2892 354 2955; x_wconf 79' lang='lat' dir='ltr'>bendatur,</span> <span class='ocrx_word' id='word_1_295' title='bbox 367 2892 438 2961; x_wconf 85' lang='lat' dir='ltr'>Conj</span> <span class='ocrx_word' id='word_1_296' title='bbox 443 2893 536 2944; x_wconf 82' lang='lat' dir='ltr'>auctir</span> <span class='ocrx_word' id='word_1_297' title='bbox 547 2893 582 2944; x_wconf 86' lang='lat' dir='ltr'>im</span> <span class='ocrx_word' id='word_1_298' title='bbox 597 2893 759 2961; x_wconf 83' lang='lat' dir='ltr'>geduehteu‚</span> <span class='ocrx_word' id='word_1_299' title='bbox 771 2894 924 2960; x_wconf 70' lang='lat' dir='ltr'>miglichcu</span> <span class='ocrx_word' id='word_1_300' title='bbox 939 2895 1031 2958; x_wconf 81' lang='lat' dir='ltr'>Falle3</span> <span class='ocrx_word' id='word_1_301' title='bbox 1045 2894 1099 2962; x_wconf 81' lang='lat' dir='ltr'>rgl.</span> <span class='ocrx_word' id='word_1_302' title='bbox 1120 2898 1225 2959; x_wconf 77' lang='lat' dir='ltr'>c.18,2</span> <span class='ocrx_word' id='word_1_303' title='bbox 1243 2892 1323 2945; x_wconf 83' lang='lat' dir='ltr'>adiu-</span> 
     </span>
     <span class='ocr_line' id='line_1_32' title="bbox 203 2959 1323 3026; baseline 0.003 -17"><span class='ocrx_word' id='word_1_304' title='bbox 203 2959 275 3012; x_wconf 77' lang='lat' dir='ltr'>veris</span> <span class='ocrx_word' id='word_1_305' title='bbox 296 2964 339 3026; x_wconf 88' lang='grc'>43,</span> <span class='ocrx_word' id='word_1_306' title='bbox 359 2964 375 3012; x_wconf 81' lang='lat'><strong>5</strong></span> <span class='ocrx_word' id='word_1_307' title='bbox 393 2960 516 3017; x_wconf 85' lang='lat' dir='ltr'>excedat,</span> <span class='ocrx_word' id='word_1_308' title='bbox 540 2960 595 3012; x_wconf 92' lang='lat' dir='ltr'>und</span> <span class='ocrx_word' id='word_1_309' title='bbox 620 2961 671 3024; x_wconf 90' lang='grc' dir='ltr'>ΙΠ,</span> <span class='ocrx_word' id='word_1_310' title='bbox 689 2965 713 3023; x_wconf 87' lang='grc'>6,</span> <span class='ocrx_word' id='word_1_311' title='bbox 733 2967 774 3013; x_wconf 93' lang='grc'>11.</span> <span class='ocrx_word' id='word_1_312' title='bbox 798 2967 840 3023; x_wconf 75' lang='lat'>25,</span> <span class='ocrx_word' id='word_1_313' title='bbox 859 2967 884 3015; x_wconf 79' lang='grc' dir='ltr'>ὁ.</span> <span class='ocrx_word' id='word_1_314' title='bbox 905 2991 936 3000; x_wconf 94' lang='grc'>-</span> <span class='ocrx_word' id='word_1_315' title='bbox 955 2964 1129 3014; x_wconf 82' lang='lat' dir='ltr'>inhumanus</span> <span class='ocrx_word' id='word_1_316' title='bbox 1151 2978 1189 3013; x_wconf 91' lang='lat' dir='ltr'>uu</span> <span class='ocrx_word' id='word_1_317' title='bbox 1210 2960 1323 3025; x_wconf 79' lang='lat' dir='ltr'>ebildet,</span> 
     </span>
     <span class='ocr_line' id='line_1_33' title="bbox 204 3027 1321 3096; baseline 0.001 -18"><span class='ocrx_word' id='word_1_318' title='bbox 204 3027 259 3094; x_wconf 86' lang='lat' dir='ltr'>vgl.</span> <span class='ocrx_word' id='word_1_319' title='bbox 279 3044 302 3079; x_wconf 91' lang='lat' dir='ltr'>c.</span> <span class='ocrx_word' id='word_1_320' title='bbox 322 3031 363 3090; x_wconf 87' lang='grc'>36,</span> <span class='ocrx_word' id='word_1_321' title='bbox 381 3031 412 3089; x_wconf 81' lang='lat'>53</span> <span class='ocrx_word' id='word_1_322' title='bbox 432 3027 480 3079; x_wconf 87' lang='lat' dir='ltr'>dus</span> <span class='ocrx_word' id='word_1_323' title='bbox 499 3027 685 3080; x_wconf 85' lang='lat' dir='ltr'>Meuschliche</span> <span class='ocrx_word' id='word_1_324' title='bbox 701 3028 737 3080; x_wconf 88' lang='lat' dir='ltr'>im</span> <span class='ocrx_word' id='word_1_325' title='bbox 758 3028 902 3096; x_wconf 82' lang='lat' dir='ltr'>Vergleich</span> <span class='ocrx_word' id='word_1_326' title='bbox 924 3029 975 3082; x_wconf 88' lang='lat' dir='ltr'>mit</span> <span class='ocrx_word' id='word_1_327' title='bbox 997 3028 1056 3081; x_wconf 87' lang='lat' dir='ltr'>dem</span> <span class='ocrx_word' id='word_1_328' title='bbox 1074 3028 1200 3080; x_wconf 86' lang='lat' dir='ltr'>Thierisc</span> <span class='ocrx_word' id='word_1_329' title='bbox 1219 3045 1268 3092; x_wconf 86' lang='lat' dir='ltr'>en;</span> <span class='ocrx_word' id='word_1_330' title='bbox 1291 3044 1321 3079; x_wconf 87' lang='lat' dir='ltr'>so</span> 
     </span>
     <span class='ocr_line' id='line_1_34' title="bbox 205 3093 1323 3165; baseline 0.002 -21"><span class='ocrx_word' id='word_1_331' title='bbox 205 3093 293 3160; x_wconf 83' lang='lat' dir='ltr'>gleich</span> <span class='ocrx_word' id='word_1_332' title='bbox 319 3093 442 3145; x_wconf 85' lang='lat' dir='ltr'>naubher</span> <span class='ocrx_word' id='word_1_333' title='bbox 464 3095 618 3148; x_wconf 81' lang='lat' dir='ltr'>humanitas</span> <span class='ocrx_word' id='word_1_334' title='bbox 635 3119 669 3139; x_wconf 91' lang='lat'><em>=</em></span> <span class='ocrx_word' id='word_1_335' title='bbox 688 3094 816 3162; x_wconf 81' lang='lat' dir='ltr'>Bildung.</span> <span class='ocrx_word' id='word_1_336' title='bbox 836 3125 867 3135; x_wconf 94' lang='lat'>—</span> <span class='ocrx_word' id='word_1_337' title='bbox 891 3097 1005 3150; x_wconf 83' lang='lat' dir='ltr'>inscitia</span> <span class='ocrx_word' id='word_1_338' title='bbox 1029 3105 1110 3165; x_wconf 81' lang='lat' dir='ltr'>temp.</span> <span class='ocrx_word' id='word_1_339' title='bbox 1134 3094 1323 3162; x_wconf 82' lang='lat' dir='ltr'>Ungeschick-</span> 
     </span>
     <span class='ocr_line' id='line_1_35' title="bbox 202 3160 1324 3229; baseline 0.002 -17"><span class='ocrx_word' id='word_1_340' title='bbox 202 3160 317 3212; x_wconf 87' lang='lat' dir='ltr'>lichkeit</span> <span class='ocrx_word' id='word_1_341' title='bbox 333 3161 369 3212; x_wconf 89' lang='lat' dir='ltr'>im</span> <span class='ocrx_word' id='word_1_342' title='bbox 389 3162 566 3214; x_wconf 84' lang='lat' dir='ltr'>Gebrauuh</span> <span class='ocrx_word' id='word_1_343' title='bbox 585 3162 633 3214; x_wconf 90' lang='lat' dir='ltr'>der</span> <span class='ocrx_word' id='word_1_344' title='bbox 651 3162 727 3228; x_wconf 83' lang='lat' dir='ltr'>Zeit3</span> <span class='ocrx_word' id='word_1_345' title='bbox 751 3164 807 3229; x_wconf 84' lang='lat' dir='ltr'>rgl.</span> <span class='ocrx_word' id='word_1_346' title='bbox 827 3164 897 3216; x_wconf 83' lang='lat' dir='ltr'>oben</span> <span class='ocrx_word' id='word_1_347' title='bbox 916 3167 943 3229; x_wconf 72' lang='lat' dir='ltr'>S.</span> <span class='ocrx_word' id='word_1_348' title='bbox 964 3170 978 3216; x_wconf 94' lang='lat'>1</span> <span class='ocrx_word' id='word_1_349' title='bbox 998 3164 1093 3216; x_wconf 88' lang='lat' dir='ltr'>modus</span> <span class='ocrx_word' id='word_1_350' title='bbox 1111 3181 1134 3216; x_wconf 87' lang='lat' dir='ltr'>c.</span> <span class='ocrx_word' id='word_1_351' title='bbox 1151 3168 1194 3227; x_wconf 88' lang='lat'>43,</span> <span class='ocrx_word' id='word_1_352' title='bbox 1213 3168 1230 3215; x_wconf 88' lang='lat'>4</span> <span class='ocrx_word' id='word_1_353' title='bbox 1248 3179 1324 3214; x_wconf 81' lang='lat' dir='ltr'>cona-</span> 
     </span>
     <span class='ocr_line' id='line_1_36' title="bbox 201 3227 332 3281; baseline 0.015 -2"><span class='ocrx_word' id='word_1_354' title='bbox 201 3227 332 3281; x_wconf 83' lang='lat' dir='ltr'>munitas.</span> 
     </span>
    </p>

    <p class='ocr_par' dir='ltr' id='par_1_6' title="bbox 202 3295 1325 3567">
     <span class='ocr_line' id='line_1_37' title="bbox 271 3295 1323 3363; baseline 0.003 -17"><span class='ocrx_word' id='word_1_355' title='bbox 271 3300 312 3346; x_wconf 88' lang='grc'>10.</span> <span class='ocrx_word' id='word_1_356' title='bbox 333 3295 495 3360; x_wconf 84' lang='lat' dir='ltr'>discrepant</span> <span class='ocrx_word' id='word_1_357' title='bbox 513 3312 618 3363; x_wconf 83' lang='lat' dir='ltr'>passeri,</span> <span class='ocrx_word' id='word_1_358' title='bbox 642 3297 767 3349; x_wconf 86' lang='lat' dir='ltr'>stimmen</span> <span class='ocrx_word' id='word_1_359' title='bbox 794 3298 871 3350; x_wconf 86' lang='lat' dir='ltr'>nicht</span> <span class='ocrx_word' id='word_1_360' title='bbox 883 3298 970 3351; x_wconf 83' lang='lat' dir='ltr'>demit</span> <span class='ocrx_word' id='word_1_361' title='bbox 982 3315 1154 3360; x_wconf 75' lang='lat' dir='ltr'>zusammen3</span> <span class='ocrx_word' id='word_1_362' title='bbox 1176 3295 1323 3349; x_wconf 86' lang='lat' dir='ltr'>besonders</span> 
     </span>
     <span class='ocr_line' id='line_1_38' title="bbox 203 3361 1325 3445; baseline 0.004 -33"><span class='ocrx_word' id='word_1_363' title='bbox 203 3378 256 3413; x_wconf 88' lang='lat' dir='ltr'>rou</span> <span class='ocrx_word' id='word_1_364' title='bbox 270 3361 479 3414; x_wconf 78' lang='lat' dir='ltr'>musilrulischan</span> <span class='ocrx_word' id='word_1_365' title='bbox 490 3363 587 3414; x_wconf 79' lang='lat' dir='ltr'>Tduen</span> <span class='ocrx_word' id='word_1_366' title='bbox 605 3364 772 3431; x_wconf 68' lang='lat' dir='ltr'>gehennom,</span> <span class='ocrx_word' id='word_1_367' title='bbox 793 3365 870 3418; x_wconf 88' lang='lat' dir='ltr'>nicht</span> <span class='ocrx_word' id='word_1_368' title='bbox 887 3366 1062 3419; x_wconf 83' lang='lat' dir='ltr'>harmonisch</span> <span class='ocrx_word' id='word_1_369' title='bbox 1080 3365 1147 3430; x_wconf 85' lang='lat' dir='ltr'>scin,</span> <span class='ocrx_word' id='word_1_370' title='bbox 1165 3364 1220 3445; x_wconf 67' lang='lat' dir='ltr'>agl.</span> <span class='ocrx_word' id='word_1_371' title='bbox 1238 3367 1262 3426; x_wconf 72' lang='lat' dir='ltr'>S.</span> <span class='ocrx_word' id='word_1_372' title='bbox 1284 3368 1325 3416; x_wconf 81' lang='lat'>12.</span> 
     </span>
     <span class='ocr_line' id='line_1_39' title="bbox 202 3430 1324 3514; baseline 0.003 -33"><span class='ocrx_word' id='word_1_373' title='bbox 202 3459 236 3468; x_wconf 90' lang='lat'><em>-</em></span> <span class='ocrx_word' id='word_1_374' title='bbox 255 3430 289 3481; x_wconf 87' lang='lat' dir='ltr'>ab</span> <span class='ocrx_word' id='word_1_375' title='bbox 301 3430 338 3481; x_wconf 82' lang='lat' dir='ltr'>iis</span> <span class='ocrx_word' id='word_1_376' title='bbox 355 3431 464 3496; x_wconf 77' lang='lat' dir='ltr'>declim,</span> <span class='ocrx_word' id='word_1_377' title='bbox 487 3448 510 3484; x_wconf 88' lang='lat' dir='ltr'>s.</span> <span class='ocrx_word' id='word_1_378' title='bbox 524 3448 546 3482; x_wconf 94' lang='lat' dir='ltr'>c.</span> <span class='ocrx_word' id='word_1_379' title='bbox 559 3436 602 3497; x_wconf 84' lang='lat'>35,</span> <span class='ocrx_word' id='word_1_380' title='bbox 620 3435 636 3483; x_wconf 88' lang='lat'>8</span> <span class='ocrx_word' id='word_1_381' title='bbox 653 3432 749 3498; x_wconf 80' lang='lat' dir='ltr'>fugere</span> <span class='ocrx_word' id='word_1_382' title='bbox 767 3433 809 3486; x_wconf 85' lang='lat' dir='ltr'>ab.</span> <span class='ocrx_word' id='word_1_383' title='bbox 830 3462 862 3472; x_wconf 88' lang='lat'>—</span> <span class='ocrx_word' id='word_1_384' title='bbox 885 3436 1013 3500; x_wconf 81' lang='lat' dir='ltr'>quamvis</span> <span class='ocrx_word' id='word_1_385' title='bbox 1030 3435 1145 3514; x_wconf 80' lang='lat' dir='ltr'>paulum</span> <span class='ocrx_word' id='word_1_386' title='bbox 1165 3448 1217 3484; x_wconf 70' lang='lat' dir='ltr'>erre</span> <span class='ocrx_word' id='word_1_387' title='bbox 1240 3430 1324 3499; x_wconf 84' lang='lat' dir='ltr'>(sehr)</span> 
     </span>
     <span class='ocr_line' id='line_1_40' title="bbox 203 3496 1324 3567; baseline 0.002 -19"><span class='ocrx_word' id='word_1_388' title='bbox 203 3496 297 3564; x_wconf 80' lang='lat' dir='ltr'>srenig</span> <span class='ocrx_word' id='word_1_389' title='bbox 314 3496 395 3562; x_wconf 83' lang='lat' dir='ltr'>such,</span> <span class='ocrx_word' id='word_1_390' title='bbox 407 3496 462 3564; x_wconf 82' lang='lat' dir='ltr'>rgl.</span> <span class='ocrx_word' id='word_1_391' title='bbox 475 3516 497 3555; x_wconf 82' lang='lat' dir='ltr'>c.</span> <span class='ocrx_word' id='word_1_392' title='bbox 510 3503 553 3564; x_wconf 80' lang='lat'>25,</span> <span class='ocrx_word' id='word_1_393' title='bbox 572 3504 597 3554; x_wconf 82' lang='lat' dir='ltr'>b.</span> <span class='ocrx_word' id='word_1_394' title='bbox 612 3528 646 3536; x_wconf 96' lang='lat'><em>-</em></span> <span class='ocrx_word' id='word_1_395' title='bbox 658 3501 770 3565; x_wconf 79' lang='lat' dir='ltr'>sciente,</span> <span class='ocrx_word' id='word_1_396' title='bbox 781 3500 836 3567; x_wconf 86' lang='lat' dir='ltr'>rgl.</span> <span class='ocrx_word' id='word_1_397' title='bbox 851 3501 919 3553; x_wconf 88' lang='lat' dir='ltr'>oben</span> <span class='ocrx_word' id='word_1_398' title='bbox 933 3504 958 3566; x_wconf 68' lang='grc' dir='ltr'>ς.</span> <span class='ocrx_word' id='word_1_399' title='bbox 973 3508 986 3553; x_wconf 93' lang='grc'>1</span> <span class='ocrx_word' id='word_1_400' title='bbox 999 3499 1122 3552; x_wconf 81' lang='lat' dir='ltr'>scientis.</span> <span class='ocrx_word' id='word_1_401' title='bbox 1135 3528 1170 3538; x_wconf 86' lang='lat'>—</span> <span class='ocrx_word' id='word_1_402' title='bbox 1181 3501 1225 3552; x_wconf 87' lang='lat' dir='ltr'>oel</span> <span class='ocrx_word' id='word_1_403' title='bbox 1236 3500 1324 3552; x_wconf 83' lang='lat' dir='ltr'>multo</span> 
     </span>
    </p>

    <p class='ocr_par' dir='ltr' id='par_1_7' title="bbox 159 3564 1324 3816">
     <span class='ocr_line' id='line_1_41' title="bbox 159 3564 1323 3635; baseline 0 -18"><span class='ocrx_word' id='word_1_404' title='bbox 159 3610 164 3617; x_wconf 95' lang='lat'>.</span> <span class='ocrx_word' id='word_1_405' title='bbox 203 3566 287 3616; x_wconf 84' lang='lat' dir='ltr'>etium</span> <span class='ocrx_word' id='word_1_406' title='bbox 305 3567 394 3631; x_wconf 70' lang='lat' dir='ltr'>mauis</span> <span class='ocrx_word' id='word_1_407' title='bbox 412 3564 478 3617; x_wconf 87' lang='lat' dir='ltr'>oder</span> <span class='ocrx_word' id='word_1_408' title='bbox 494 3565 627 3618; x_wconf 84' lang='lat' dir='ltr'>rielruchr</span> <span class='ocrx_word' id='word_1_409' title='bbox 645 3566 713 3634; x_wconf 80' lang='lat' dir='ltr'>(uel)</span> <span class='ocrx_word' id='word_1_410' title='bbox 733 3567 871 3620; x_wconf 82' lang='lat' dir='ltr'>nochriel</span> <span class='ocrx_word' id='word_1_411' title='bbox 888 3569 1017 3623; x_wconf 83' lang='lat' dir='ltr'>mehr.—</span> <span class='ocrx_word' id='word_1_412' title='bbox 1047 3586 1084 3621; x_wconf 82' lang='lat' dir='ltr'>uu</span> <span class='ocrx_word' id='word_1_413' title='bbox 1096 3569 1187 3619; x_wconf 84' lang='lat' dir='ltr'>maior</span> <span class='ocrx_word' id='word_1_414' title='bbox 1195 3569 1225 3635; x_wconf 90' lang='lat' dir='ltr'>je</span> <span class='ocrx_word' id='word_1_415' title='bbox 1236 3565 1323 3618; x_wconf 88' lang='lat' dir='ltr'>wich-</span> 
     </span>
     <span class='ocr_line' id='line_1_42' title="bbox 204 3587 1323 3702; baseline 0.001 -18"><span class='ocrx_word' id='word_1_416' title='bbox 204 3631 291 3698; x_wconf 79' lang='lat' dir='ltr'>tiger3</span> <span class='ocrx_word' id='word_1_417' title='bbox 316 3631 369 3684; x_wconf 84' lang='lat' dir='ltr'>wie</span> <span class='ocrx_word' id='word_1_418' title='bbox 391 3651 413 3688; x_wconf 89' lang='lat' dir='ltr'>c.</span> <span class='ocrx_word' id='word_1_419' title='bbox 432 3637 475 3698; x_wconf 88' lang='grc'>43,</span> <span class='ocrx_word' id='word_1_420' title='bbox 495 3638 510 3685; x_wconf 79' lang='grc'><strong>7</strong></span> <span class='ocrx_word' id='word_1_421' title='bbox 529 3633 645 3685; x_wconf 76' lang='lat' dir='ltr'>maxima</span> <span class='ocrx_word' id='word_1_422' title='bbox 667 3632 712 3684; x_wconf 89' lang='lat' dir='ltr'>die</span> <span class='ocrx_word' id='word_1_423' title='bbox 734 3634 905 3702; x_wconf 79' lang='lat' dir='ltr'>wichtigste3</span> <span class='ocrx_word' id='word_1_424' title='bbox 928 3634 983 3702; x_wconf 86' lang='lat' dir='ltr'>vgl.</span> <span class='ocrx_word' id='word_1_425' title='bbox 1006 3587 1089 3701; x_wconf 59' lang='lat' dir='ltr'>life,</span> <span class='ocrx_word' id='word_1_426' title='bbox 1107 3640 1132 3688; x_wconf 87' lang='grc'>6.</span> <span class='ocrx_word' id='word_1_427' title='bbox 1167 3635 1258 3689; x_wconf 85' lang='lat' dir='ltr'>Ueber</span> <span class='ocrx_word' id='word_1_428' title='bbox 1279 3633 1323 3686; x_wconf 88' lang='lat' dir='ltr'>dic</span> 
     </span>
     <span class='ocr_line' id='line_1_43' title="bbox 203 3698 1324 3816; baseline 0.004 -67"><span class='ocrx_word' id='word_1_429' title='bbox 203 3698 356 3816; x_wconf 66' lang='lat' dir='ltr'>pielfachen</span> <span class='ocrx_word' id='word_1_430' title='bbox 379 3700 578 3768; x_wconf 83' lang='lat' dir='ltr'>Bedeutuugeu</span> <span class='ocrx_word' id='word_1_431' title='bbox 608 3718 661 3753; x_wconf 87' lang='lat' dir='ltr'>von</span> <span class='ocrx_word' id='word_1_432' title='bbox 689 3717 803 3768; x_wconf 82' lang='lat' dir='ltr'>mugnus</span> <span class='ocrx_word' id='word_1_433' title='bbox 830 3703 885 3771; x_wconf 83' lang='lat' dir='ltr'>rgl.</span> <span class='ocrx_word' id='word_1_434' title='bbox 909 3720 944 3755; x_wconf 88' lang='lat' dir='ltr'>m.</span> <span class='ocrx_word' id='word_1_435' title='bbox 964 3705 1013 3755; x_wconf 86' lang='lat' dir='ltr'>Gr.</span> <span class='ocrx_word' id='word_1_436' title='bbox 1036 3706 1061 3768; x_wconf 82' lang='lat' dir='ltr'>s.</span> <span class='ocrx_word' id='word_1_437' title='bbox 1082 3709 1131 3757; x_wconf 92' lang='grc'>100</span> <span class='ocrx_word' id='word_1_438' title='bbox 1148 3720 1174 3754; x_wconf 91' lang='lat' dir='ltr'>u.</span> <span class='ocrx_word' id='word_1_439' title='bbox 1194 3703 1261 3755; x_wconf 84' lang='lat' dir='ltr'>oben</span> <span class='ocrx_word' id='word_1_440' title='bbox 1281 3705 1324 3764; x_wconf 84' lang='grc'>36,</span> 
     </span>
    </p>
   </div>
   <div class='ocr_carea' id='block_1_5' title="bbox 699 3890 830 3941">
    <p class='ocr_par' dir='ltr' id='par_1_8' title="bbox 699 3890 830 3941">
     <span class='ocr_line' id='line_1_44' title="bbox 699 3890 830 3941; baseline 0.015 -2"><span class='ocrx_word' id='word_1_441' title='bbox 699 3890 770 3939; x_wconf 72' lang='lat' dir='ltr'>Kar.</span> <span class='ocrx_word' id='word_1_442' title='bbox 788 3891 830 3941; x_wconf 83' lang='lat'>41.</span> 
     </span>
    </p>
   </div>
   <div class='ocr_carea' id='block_1_6' title="bbox 201 3969 1325 4307">
    <p class='ocr_par' dir='ltr' id='par_1_9' title="bbox 201 3969 1325 4307">
     <span class='ocr_line' id='line_1_45' title="bbox 273 3969 1324 4040; baseline 0.004 -22"><span class='ocrx_word' id='word_1_443' title='bbox 273 3972 295 4018; x_wconf 92' lang='lat'>1.</span> <span class='ocrx_word' id='word_1_444' title='bbox 313 3969 536 4035; x_wconf 82' lang='lat' dir='ltr'>superciliorum.</span> <span class='ocrx_word' id='word_1_445' title='bbox 576 3969 731 4032; x_wconf 79' lang='lat' dir='ltr'>Quintilian</span> <span class='ocrx_word' id='word_1_446' title='bbox 755 3970 807 4035; x_wconf 80' lang='lat' dir='ltr'>xl,</span> <span class='ocrx_word' id='word_1_447' title='bbox 829 3977 856 4033; x_wconf 86' lang='grc'>3,</span> <span class='ocrx_word' id='word_1_448' title='bbox 873 3976 906 4025; x_wconf 80' lang='grc'>79</span> <span class='ocrx_word' id='word_1_449' title='bbox 924 3980 1000 4040; x_wconf 77' lang='lat' dir='ltr'>sagis</span> <span class='ocrx_word' id='word_1_450' title='bbox 1024 3972 1066 4025; x_wconf 85' lang='lat' dir='ltr'>ira</span> <span class='ocrx_word' id='word_1_451' title='bbox 1089 3970 1239 4024; x_wconf 81' lang='lat' dir='ltr'>contructis</span> <span class='ocrx_word' id='word_1_452' title='bbox 1264 3972 1324 4038; x_wconf 82' lang='lat' dir='ltr'>(ge-</span> 
     </span>
     <span class='ocr_line' id='line_1_46' title="bbox 203 4034 1325 4108; baseline 0.004 -23"><span class='ocrx_word' id='word_1_453' title='bbox 203 4034 305 4102; x_wconf 83' lang='lat' dir='ltr'>feltet).</span> <span class='ocrx_word' id='word_1_454' title='bbox 324 4034 441 4089; x_wconf 84' lang='lat' dir='ltr'>tristitia</span> <span class='ocrx_word' id='word_1_455' title='bbox 459 4035 583 4090; x_wconf 87' lang='lat' dir='ltr'>deductis</span> <span class='ocrx_word' id='word_1_456' title='bbox 602 4039 755 4105; x_wconf 59' lang='lat' dir='ltr'>(gasaht),</span> <span class='ocrx_word' id='word_1_457' title='bbox 778 4038 904 4091; x_wconf 82' lang='lat' dir='ltr'>hilaritas</span> <span class='ocrx_word' id='word_1_458' title='bbox 922 4039 1040 4092; x_wconf 83' lang='lat' dir='ltr'>remissis</span> <span class='ocrx_word' id='word_1_459' title='bbox 1057 4037 1214 4108; x_wconf 77' lang='lat' dir='ltr'>superciliis</span> <span class='ocrx_word' id='word_1_460' title='bbox 1232 4046 1325 4091; x_wconf 82' lang='lat' dir='ltr'>osteu-</span> 
     </span>
     <span class='ocr_line' id='line_1_47' title="bbox 204 4102 1324 4176; baseline 0.007 -24"><span class='ocrx_word' id='word_1_461' title='bbox 204 4102 287 4154; x_wconf 88' lang='lat' dir='ltr'>ditur.</span> <span class='ocrx_word' id='word_1_462' title='bbox 325 4105 392 4155; x_wconf 89' lang='lat' dir='ltr'>Dero</span> <span class='ocrx_word' id='word_1_463' title='bbox 412 4102 506 4156; x_wconf 81' lang='lat' dir='ltr'>Stolue</span> <span class='ocrx_word' id='word_1_464' title='bbox 527 4104 597 4156; x_wconf 87' lang='lat' dir='ltr'>wird</span> <span class='ocrx_word' id='word_1_465' title='bbox 621 4106 665 4157; x_wconf 82' lang='lat' dir='ltr'>ein</span> <span class='ocrx_word' id='word_1_466' title='bbox 690 4106 776 4158; x_wconf 83' lang='lat' dir='ltr'>altum</span> <span class='ocrx_word' id='word_1_467' title='bbox 799 4106 976 4176; x_wconf 86' lang='lat' dir='ltr'>supercilium</span> <span class='ocrx_word' id='word_1_468' title='bbox 999 4106 1143 4174; x_wconf 78' lang='lat' dir='ltr'>beigelegt</span> <span class='ocrx_word' id='word_1_469' title='bbox 1161 4134 1195 4144; x_wconf 92' lang='lat'>—</span> <span class='ocrx_word' id='word_1_470' title='bbox 1218 4124 1252 4158; x_wconf 75' lang='lat' dir='ltr'>ees</span> <span class='ocrx_word' id='word_1_471' title='bbox 1274 4115 1324 4160; x_wconf 86' lang='lat' dir='ltr'>cet.</span> 
     </span>
     <span class='ocr_line' id='line_1_48' title="bbox 203 4170 1324 4242; baseline 0.005 -22"><span class='ocrx_word' id='word_1_472' title='bbox 203 4171 341 4223; x_wconf 81' lang='lat' dir='ltr'>similibus</span> <span class='ocrx_word' id='word_1_473' title='bbox 363 4170 430 4223; x_wconf 77' lang='lat' dir='ltr'>fiber</span> <span class='ocrx_word' id='word_1_474' title='bbox 448 4170 496 4222; x_wconf 86' lang='lat' dir='ltr'>das</span> <span class='ocrx_word' id='word_1_475' title='bbox 518 4172 685 4225; x_wconf 73' lang='lat' dir='ltr'>substantie.</span> <span class='ocrx_word' id='word_1_476' title='bbox 704 4173 840 4226; x_wconf 84' lang='lat' dir='ltr'>Neutrum</span> <span class='ocrx_word' id='word_1_477' title='bbox 863 4177 918 4242; x_wconf 72' lang='lat' dir='ltr'>rgl,</span> <span class='ocrx_word' id='word_1_478' title='bbox 938 4192 961 4229; x_wconf 88' lang='lat' dir='ltr'>u.</span> <span class='ocrx_word' id='word_1_479' title='bbox 980 4178 1024 4239; x_wconf 82' lang='grc'>40,</span> <span class='ocrx_word' id='word_1_480' title='bbox 1042 4179 1067 4226; x_wconf 85' lang='grc'>9.</span> <span class='ocrx_word' id='word_1_481' title='bbox 1086 4201 1121 4214; x_wconf 92' lang='grc'>-</span> <span class='ocrx_word' id='word_1_482' title='bbox 1138 4191 1233 4226; x_wconf 85' lang='lat' dir='ltr'>eorum</span> <span class='ocrx_word' id='word_1_483' title='bbox 1252 4190 1324 4242; x_wconf 75' lang='lat' dir='ltr'>quae</span> 
     </span>
     <span class='ocr_line' id='line_1_49' title="bbox 201 4237 921 4307; baseline 0.01 -20"><span class='ocrx_word' id='word_1_484' title='bbox 201 4237 327 4290; x_wconf 77' lang='lat' dir='ltr'>ridemus</span> <span class='ocrx_word' id='word_1_485' title='bbox 345 4237 415 4290; x_wconf 87' lang='lat' dir='ltr'>fieri.</span> <span class='ocrx_word' id='word_1_486' title='bbox 434 4267 467 4278; x_wconf 93' lang='lat'>-</span> <span class='ocrx_word' id='word_1_487' title='bbox 486 4241 521 4290; x_wconf 85' lang='lat' dir='ltr'>ub</span> <span class='ocrx_word' id='word_1_488' title='bbox 539 4240 633 4307; x_wconf 75' lang='lat' dir='ltr'>officio</span> <span class='ocrx_word' id='word_1_489' title='bbox 650 4239 710 4292; x_wconf 84' lang='lat' dir='ltr'>bier</span> <span class='ocrx_word' id='word_1_490' title='bbox 727 4263 761 4285; x_wconf 76' lang='grc' dir='ltr'>ιι</span> <span class='ocrx_word' id='word_1_491' title='bbox 779 4257 795 4292; x_wconf 82' lang='lat' dir='ltr'>u</span> <span class='ocrx_word' id='word_1_492' title='bbox 812 4240 921 4295; x_wconf 84' lang='lat' dir='ltr'>decoro.</span> 
     </span>
    </p>
   </div>
   <div class='ocr_carea' id='block_1_7' title="bbox 0 0 1424 4748">
    <p class='ocr_par' dir='ltr' id='par_1_10' title="bbox 0 0 1424 4748">
     <span class='ocr_line' id='line_1_50' title="bbox 0 0 1424 4748; baseline 0 0"><span class='ocrx_word' id='word_1_493' title='bbox 0 0 1424 4748; x_wconf 95' lang='lat' dir='ltr'> </span> 
     </span>
    </p>
   </div>
  </div>
 </body>
</html>
