2826 4748
161 265 203 329 42
607 282 655 328 nn
677 282 827 331 oremus

163 420 327 491 molestias,
349 429 411 482 tum
435 423 629 496 offensionum
653 429 683 482 et
705 421 892 502 repulsarum
915 423 996 501 qnasi
1019 422 1165 502 quandam
1188 424 1276 501 igno·

130 523 146 572 6
165 507 284 567 miniam
307 508 412 566 timere
436 515 463 566 et
486 508 645 568 infamiam.
683 507 758 567 Sunt
781 510 870 576 enim,
895 509 945 584 qui
960 509 990 567 iu
1005 506 1095 568 rebus
1118 508 1276 568 contrariis

163 608 269 670 parum
302 589 358 650 sibi
392 598 542 651 constent:
576 590 754 670 voluptatem
787 593 973 653 severissime
1003 599 1208 661 contemnant,
1242 596 1275 654 in

164 674 267 736 dolore
289 677 349 735 sint
371 674 536 744 molliores:
560 676 684 754 gloriam
699 675 870 754 negligant,
884 676 1058 754 frangantur
1073 678 1208 738 infamia:
1230 686 1275 738 at·

162 777 219 837 qne
243 778 276 820 ea
299 760 419 838 quidem
443 762 595 821 nonsatis
618 768 801 821 constanter.
848 757 898 824 72.
931 761 987 821 Sed
1010 763 1061 831 iis,
1091 762 1142 840 qui
1163 761 1276 822 habent

178 851 297 933 ¹natura
313 845 480 906 adiumenta
495 863 595 906 rerum
611 845 818 923 gerendarum,
843 845 957 907 abiecta
973 848 1054 907 omni
1075 848 1274 915 cunctatione,

162 928 346 1008 adipiscendi
369 931 557 1007 magistratus
579 937 608 989 et
630 929 761 1007 gerenda
790 947 839 989 res
861 929 979 1007 publica
1010 937 1063 990 est.
1108 930 1170 991 Nec
1193 934 1274 991 enim

162 1013 248 1075 aliter
276 1021 326 1074 aut
354 1014 415 1091 regi
438 1017 556 1082 civitas,
591 1023 641 1074 aut
669 1013 813 1076 declarari
841 1015 930 1075 animi
963 1015 1136 1092 magnitudo
1164 1023 1274 1093 potest.

128 1115 144 1164 e
164 1096 393 1176 Capessentibus
415 1105 513 1160 autem
536 1117 601 1158 rem
624 1097 773 1178 publicam
796 1096 869 1159 nihil
892 1100 1006 1169 miuus,
1029 1116 1118 1177 quam
1140 1099 1274 1178 pbiloso-

162 1183 238 1259 phis,
262 1182 342 1243 baud
365 1184 427 1243 scio
443 1201 480 1243 an
496 1185 588 1260 magis
612 1187 710 1253 ctiam,
735 1192 764 1244 et
785 1184 1001 1262 magnificentia
1025 1193 1054 1244 et
1076 1184 1273 1262 despicientia

162 1266 329 1327 adhibenda
352 1270 392 1328 sit
413 1286 514 1328 rernm
536 1268 742 1338 humanarum,
766 1285 852 1345 qnam
876 1286 964 1347 saepe
988 1268 1062 1338 dico,
1087 1277 1116 1328 et
1131 1267 1275 1348 tranquil-

162 1350 228 1410 litas
251 1352 341 1412 animi
364 1361 452 1431 atquc
474 1356 634 1414 securitas:
657 1353 682 1414 si
705 1352 823 1431 quidem
846 1371 902 1414 nec
925 1355 1003 1413 anxii
1027 1355 1119 1414 futuri
1142 1362 1221 1422 sunt,
1245 1362 1276 1413 ct

127 1449 229 1498 ecrrm
260 1438 401 1512 gravitate
430 1439 654 1518 constantiaque
683 1440 800 1502 victuri.
852 1435 903 1499 73.
933 1438 1015 1509 Quae
1042 1437 1176 1499 iaciliora
1203 1445 1275 1498 suut

161 1519 357 1600 pbilosophis,
381 1540 438 1600 quo
454 1523 552 1582 minus
567 1521 658 1582 multa
681 1529 787 1601 patent
799 1524 829 1582 in
845 1540 948 1583 eorum
972 1525 1039 1591 vita,
1063 1541 1137 1603 quae
1153 1524 1274 1583 fortuna

159 1604 259 1674 ieriat,
291 1615 319 1665 et
341 1625 398 1685 quo
421 1609 521 1667 minus
542 1605 641 1668 multis
663 1604 754 1667 rebus
783 1613 883 1684 egent:
914 1615 942 1666 et
964 1609 1047 1685 quia,
1078 1609 1103 1667 si
1129 1607 1198 1684 quid
1222 1605 1274 1667 ad·

110 1702 142 1750 10
160 1693 237 1750 versi
260 1693 392 1761 eveniat,
415 1698 475 1760 tam
498 1693 626 1769 graviter
649 1691 755 1751 cadere
778 1708 836 1750 non
866 1700 998 1768 possunt.
1043 1690 1188 1761 Quocirca
1212 1708 1273 1751 non

159 1774 223 1833 sine
245 1793 331 1835 causa
355 1778 481 1836 maiores
503 1784 601 1836 motus
624 1777 791 1836 animorum
814 1777 1007 1841 concitantur,
1031 1778 1186 1856 maiorque
1210 1777 1275 1836 elfi-

160 1859 257 1919 ciendi
280 1878 350 1920 cura
373 1877 435 1920 rem
459 1858 610 1938 publicam
630 1859 813 1937 gerentibus,
838 1878 925 1940 quem
949 1862 1073 1939 quietis;
1097 1879 1155 1940 quo
1177 1862 1273 1938 magis

159 1941 205 2002 his
228 1952 256 2004 et
280 1943 450 2022 magnitudo
473 1953 518 2006 est
540 1946 631 2005 animi
646 1943 813 2006 adhibenda
837 1954 867 2006 et
888 1947 1016 2006 vacuitas
1038 1942 1074 2004 ab
1099 1944 1271 2023 angoribus.

65 2025 67 2029 ’
110 2037 141 2084 11
160 2027 201 2087 Ad
225 2047 289 2088 rem
312 2030 472 2106 gerendam
496 2036 592 2090 autem
617 2031 666 2107 qui
689 2029 819 2099 accedit,
844 2041 953 2100 caveat,
977 2048 1015 2090 ne
1036 2029 1064 2089 id
1090 2030 1177 2091 modo
1200 2048 1272 2090 con·

160 2112 281 2182 sideret,
305 2132 390 2191 quam
407 2113 454 2174 illa
470 2132 519 2174 res
535 2113 659 2174 honesta
683 2116 729 2183 sit,
753 2115 804 2175 sed
821 2117 922 2181 etiarn,
944 2122 977 2175 ut
1000 2113 1107 2174 lrabeat
1123 2113 1274 2175 alliciendi

110 2207 142 2256 12
160 2196 349 2277 facultatem„
395 2200 427 2259 ln
462 2217 520 2277 quo
552 2202 617 2276 ipso
646 2199 895 2260 considerandum
925 2208 983 2265 est,
1014 2217 1051 2258 ne
1080 2210 1131 2260 aut
1159 2207 1272 2259 temere

158 2423 199 2479 31,
218 2421 241 2466 2.
259 2444 292 2452 -
310 2421 369 2465 tum
392 2413 462 2466 ohne
483 2414 719 2482 vorbergebendes
738 2431 797 2466 cum
814 2437 848 2458 ==
863 2413 1026 2479 besouders,
1044 2413 1099 2480 vgl.
1117 2419 1160 2479 34,
1180 2419 1219 2468 10.
1238 2443 1273 2453 -

159 2483 342 2550 offensionum
355 2491 381 2534 et
393 2485 569 2549 repulsarum
586 2484 768 2549 ignominium
780 2482 832 2533 den
845 2482 972 2564 Schimpf
986 2482 1032 2534 des
1044 2481 1271 2549 Verunglrickens

159 2550 215 2603 und
234 2547 440 2614 Durcbfallens3
461 2549 527 2601 tiber
544 2549 634 2601 diesen
654 2551 768 2601 Genitiv
786 2550 834 2601 der
847 2551 891 2620 Ap
913 2550 1011 2602 osition
1029 2551 1083 2616 vgl.
1104 2550 1139 2611 ll,
1158 2557 1184 2615 b,
1201 2556 1225 2602 t.
1238 2580 1273 2589 —

159 2620 274 2684 offensio
295 2618 421 2674 Anstoss,
445 2617 493 2669 der
512 2617 677 2670 Schiffiabrt
702 2617 857 2670 entlehntes
885 2568 1002 2669 311.-
1024 2621 1105 2685 pansi
1129 2621 1272 2685 parandam

158 2686 198 2739 als
225 2684 277 2736 wie
303 2683 364 2736 eine
384 2688 435 2738 Art
452 2685 590 2752 Sebimpf‚
617 2685 667 2737 mit
692 2684 751 2737 dem
770 2685 1026 2752 Nebengedanken,
1054 2685 1116 2737 dass
1139 2685 1177 2736 sie
1195 2703 1223 2738 es
1241 2687 1271 2738 in

157 2753 302 2806 Wshrbeit
320 2753 397 2806 nicbt
414 2753 507 2806 iinmer
525 2752 594 2805 sind.
612 2781 646 2790 -
662 2772 764 2822 parom
782 2755 835 2805 otti
853 2762 978 2806 constent
995 2772 1016 2806 s.
1036 2771 1059 2807 c.
1079 2758 1104 2816 2,
1122 2757 1147 2806 6.
1163 2771 1271 2806 -can-

159 2830 267 2874 stanter
285 2820 399 2875 iaciant.

225 2895 249 2946 7.
268 2890 432 2942 adiumento
449 2906 541 2941 rerum
558 2907 614 2955 per.
634 2887 804 2941 Hrilt'sruittel
827 2896 912 2940 etwas
931 2905 965 2940 zu
985 2887 1192 2954 unternehruen,
1211 2888 1271 2941 hier

158 2958 254 3009 Gaben
272 2957 318 3008 des
338 2957 466 3025 Kdrpers,
485 2956 594 3008 Geistes
613 2956 669 3008 und
689 2955 809 3022 Glriclrs3
833 2973 856 3007 z.
875 2956 907 3008 B.
928 2956 1091 3022 Vermdgen,
1108 2954 1180 3007 donn
1200 2956 1271 3008 obne

157 3024 213 3076 dies
232 3025 336 3077 konnte
353 3041 416 3076 man
433 3023 462 3074 in
481 3024 549 3076 Rom
568 3024 625 3076 sich
643 3025 723 3075 kaurn
743 3040 787 3075 um
806 3024 915 3074 Aemter
932 3023 1084 3074 bewerben.
1099 3051 1133 3060 —
1150 3024 1271 3090 adipisci

156 3092 215 3143 sich
228 3109 264 3143 en
276 3100 361 3144 etwas
374 3090 583 3156 berunmachen‚
601 3089 771 3158 gevvdbnlicb
785 3089 833 3142 mit
845 3090 904 3142 dem
916 3089 1021 3157 Begriff
1030 3090 1076 3142 des
1087 3089 1268 3155 Erreicbens3

157 3158 210 3210 wie
226 3159 286 3210 bier
303 3165 366 3226 sagt
384 3159 441 3211 Cic.
460 3158 559 3211 defin.
580 3159 611 3223 V,
630 3164 669 3215 20,
688 3163 721 3210 bl
744 3158 791 3226 qui
810 3157 907 3210 altiore
926 3158 1014 3210 animo
1032 3167 1107 3223 sunt,
1126 3168 1271 3227 capessunt

157 3244 245 3294 remp.
274 3225 421 3279 honoribus
447 3225 621 3308 imperiisque
648 3224 837 3290 adipiscendis.
866 3255 898 3263 -
923 3227 1063 3278 declarari
1084 3225 1142 3278 sich
1161 3227 1270 3294 zeigen,

156 3293 296 3346 erweisen.
315 3322 347 3333 -
365 3296 438 3346 nibil
455 3312 547 3346 menas
565 3294 610 3344 fur
623 3293 671 3345 das
683 3292 899 3360 gewdlrnlichere
913 3293 997 3345 nihilo
1010 3293 1107 3355 minus,
1127 3294 1180 3346 wie
1198 3295 1270 3347 ditor

158 3360 272 3413 multum
297 3364 333 3419 (z.
353 3362 386 3416 Β.
405 3361 527 3425 differre)
550 3361 596 3412 fiir
617 3361 702 3413 multo
727 3378 753 3413 u.
774 3378 799 3412 a.
818 3392 851 3402 -
869 3363 947 3414 harad
968 3363 1024 3413 acia
1043 3379 1081 3413 aa
1099 3380 1119 3418 s.
1140 3379 1163 3413 c.
1183 3367 1268 3427 11,1.

157 3457 191 3467 -
208 3431 414 3496 magnificentia
428 3429 635 3496 Geistesgrdsse,
649 3427 903 3494 Grossbernigkeit3
917 3428 1003 3493 meist,
1017 3429 1069 3481 wie
1081 3429 1170 3496 gleicb
1184 3428 1268 3482 nech-

160 3497 223 3562 ber,
246 3496 405 3565 magnitudo
428 3496 511 3548 animi
534 3506 665 3563 genennt.
683 3525 717 3533 —
735 3498 894 3549 adhibenda
917 3496 1119 3562 (berenzieben,
1138 3497 1222 3549 daber
1239 3497 1269 3549 in

159 3565 344 3632 Anwendung
354 3565 481 3632 bringeri,
494 3564 578 3628 liberi)
589 3567 626 3616 sit
634 3588 668 3608 =
677 3564 782 3616 mdcbte
795 3580 829 3615 au
843 3563 991 3630 albensem,
1001 3565 1057 3617 also
1068 3564 1269 3618 Coniunctivus

158 3633 331 3702 potentialis,
356 3632 433 3684 nicbt
454 3631 592 3699 abbingig
608 3649 662 3683 von
681 3631 753 3683 haud
770 3631 825 3684 scio
845 3648 895 3696 ιιι,
919 3633 971 3698 vgl.
990 3633 1025 3696 ΙΙ,
1047 3637 1089 3699 18,
1107 3637 1122 3685 9
1141 3632 1196 3684 und
1214 3632 1268 3698 IlI,

159 3707 203 3766 29,
215 3704 239 3757 8.
258 3729 290 3739 -—
308 3703 333 3753 si
351 3703 459 3768 quidem
477 3700 555 3752 meist
573 3699 680 3764 causu13
699 3699 811 3764 scitust,
832 3699 884 3751 wie
902 3699 969 3761 bier,
987 3725 1021 3744 =
1039 3717 1120 3752 wenn
1140 3700 1269 3763 nautici,

158 3785 241 3820 wenn
260 3768 372 3833 enders3
392 3769 446 3836 vgl.
465 3767 503 3829 ΙΙ,
521 3772 608 3829 21,16
625 3784 652 3819 u.
672 3768 724 3832 ΙΙΙ,
740 3772 779 3830 12,
792 3772 816 3820 9.
833 3795 866 3804 -
883 3785 932 3820 nec
949 3798 982 3807 —
1000 3777 1026 3820 et
1043 3767 1171 3820 deutscb=
1192 3766 1269 3820 nicht

159 3835 265 3886 —und
289 3836 373 3900 auch,
399 3836 455 3888 und
478 3834 610 3902 augleicb.
634 3864 665 3872 -
687 3836 819 3900 faciliora
842 3834 899 3887 bier
923 3835 992 3888 ieblt
1008 3836 1043 3888 im
1071 3841 1095 3887 1.
1115 3833 1210 3886 Gliede
1228 3851 1267 3898 eo,

157 3902 209 3954 wie
227 3903 295 3954 oben
316 3921 339 3955 c.
360 3908 399 3967 19,
419 3909 449 3956 13
468 3903 590 3972 quisque.
610 3933 642 3941 -
660 3905 752 3955 minas
769 3905 858 3955 multa
870 3926 904 3948 ==
917 3903 1057 3972 pauciora.
1076 3930 1108 3940 —
1126 3909 1183 3952 tam
1200 3920 1267 3968 pra-

157 3973 228 4022 viter
245 3974 343 4022 cadcre
360 3971 458 4022 keinen
477 3989 507 4023 so
526 3971 667 4023 schweren
685 3970 747 4023 Fell
769 3971 838 4023 tbun
860 3988 914 4024 von
932 3971 980 4023 der
997 3985 1169 4035 arrangeuen
1189 3969 1268 4021 Hdlre

156 4039 278 4090 iusserer
297 4039 396 4090 Grdsse
414 4039 505 4091 hereb.
517 4073 551 4082 -
562 4040 652 4091 maiar
669 4040 807 4106 efficiendi
825 4057 903 4096 curo,
921 4039 977 4104 vgl.
997 4036 1116 4089 nacbher
1128 4037 1267 4104 efficiendi
1329 4080 1334 4089 .

155 4104 283 4159 facultas.
318 4105 380 4157 Wie
399 4105 552 4172 lamentari,
573 4107 674 4176 lugere,
691 4105 781 4158 dolere
799 4106 869 4158 ohne
885 4106 1018 4157 Weiteres
1037 4121 1070 4156 zu
1089 4103 1266 4157 Transitiveu

156 4173 272 4237 werden,
292 4191 371 4226 wenn
391 4174 435 4225 ein
456 4173 557 4241 Object
574 4173 723 4226 binzutritt
741 4174 846 4240 (lugere
868 4172 971 4240 aliquid
988 4181 1073 4224 etwas
1090 4173 1266 4238 betrauern);

155 4259 186 4293 so
206 4242 311 4294 worden
332 4241 493 4309 umgelrehrt
511 4241 655 4294 transitive
673 4241 778 4308 Verba,
797 4241 847 4292 wie
866 4240 990 4304 efficere,
1013 4240 1083 4292 olrne
1107 4240 1208 4308 Object
1226 4241 1266 4294 als
