2826 4748
195 301 236 365 98
636 317 683 363 na
708 316 858 364 odricus

147 465 179 513 18
198 463 267 516 tem.
304 452 357 516 30.
380 455 437 515 Sed
462 473 495 516 ca
518 472 577 515 non
600 457 713 533 paritor
735 473 839 515 omnes
862 472 992 533 egemus.
1023 457 1097 517 Nam
1119 457 1154 518 ad
1171 460 1319 538 citiusque

197 540 284 600 vitam
313 541 476 600 institutam
505 539 788 600 accommodandum
813 548 867 608 est,
896 559 911 601 a
934 540 1074 601 multisne
1097 546 1246 620 comsit,
1278 562 1316 604 an

146 634 179 682 19
198 626 268 684 satis
290 626 328 684 sit
351 643 367 684 a
389 626 491 702 paucis
514 623 607 701 diligi.
646 624 767 685 Certum
784 625 878 699 igitur
893 624 950 686 boc
965 627 1011 695 sit,
1034 626 1123 703 idque
1140 636 1169 687 et
1184 630 1315 706 primam

197 718 226 767 et
255 710 383 768 maxime
411 710 627 774 necessarium,
658 708 875 769 familiaritates
904 709 1015 769 babere
1049 711 1123 770 tidas
1152 713 1315 772 amantium

145 802 179 850 20
196 810 250 852 nos
279 796 444 853 amicorum
476 800 506 852 et
533 802 633 853 nostra
665 795 846 852 mirantium.
892 793 973 854 Haec
1003 796 1080 854 enirn
1111 802 1235 856 estana
1257 814 1316 869 res,

196 895 318 954 prorsus
341 885 373 937 ut
395 896 454 936 non
470 876 596 936 multum
619 877 737 937 differat
752 879 830 936 inter
845 895 978 939 summos
994 886 1023 939 et
1038 879 1204 941 mediocres
1220 882 1315 956 viros3

146 970 178 1018 21
199 980 291 1040 eaque
319 963 453 1040 utrisque
482 969 526 1021 est
554 961 771 1040 propemodum
801 963 1010 1042 comparanda.
1061 961 1112 1025 31.
1143 965 1262 1025 Honore
1286 975 1316 1024 et

196 1045 289 1124 gloria
313 1054 342 1106 et
365 1045 561 1106 benivolentia
584 1047 691 1106 civium
714 1048 840 1106 sortasse
870 1066 929 1107 non
958 1066 1052 1126 aeque
1081 1066 1187 1109 omnes
1216 1057 1314 1127 egent.

196 1131 248 1191 sed
278 1143 376 1191 tamen
404 1131 499 1189 sicui
522 1131 596 1190 haec
619 1138 789 1208 suppetunt,
819 1129 959 1193 adiuvant
986 1133 1168 1211 aliquantum
1191 1141 1254 1194 tum
1278 1134 1316 1193 ad

196 1223 305 1284 cetera,
329 1224 392 1275 turn
414 1215 450 1274 ad
474 1215 615 1275 amicitias
638 1214 860 1294 comparandas.

159 1294 179 1357 9
282 1298 394 1374 Sedde
411 1300 539 1359 amicitia
556 1298 613 1359 alio
628 1299 705 1359 libro
727 1300 839 1360 dictum
855 1307 908 1370 est,
924 1301 974 1380 qui
988 1301 1166 1362 inscribitur
1180 1301 1316 1372 Laelius;

196 1401 276 1443 nunc
298 1383 431 1443 dicamus
454 1383 490 1443 de
512 1383 648 1461 gloria,
672 1403 850 1464 quamquam
875 1403 908 1444 ea
932 1403 1050 1464 quoquc
1070 1385 1106 1446 de
1122 1405 1155 1445 re
1171 1386 1229 1446 duo
1245 1396 1314 1446 sunt

195 1469 291 1528 nostri
308 1468 391 1527 iibri:
409 1467 460 1527 sed
477 1470 666 1544 attingamus,
692 1470 931 1548 quandoquidem
947 1489 980 1531 ea
997 1472 1029 1530 in
1044 1471 1135 1532 rebus
1150 1470 1316 1531 maioribus

160 1551 437 1612 tadministrandis
470 1552 588 1612 adiuvat
620 1554 792 1630 plurimum.
839 1552 960 1614 Summa
996 1557 1088 1631 igitur
1122 1563 1151 1615 et
1181 1557 1314 1635 perlecta

194 1637 288 1714 gloria
311 1644 427 1697 constat
450 1655 485 1696 ex
507 1636 604 1698 tribus
626 1634 691 1696 his:
714 1639 740 1697 si
762 1635 857 1714 diligit
874 1637 1040 1704 multitudo,
1064 1640 1089 1700 si
1104 1640 1192 1699 fidem
1209 1637 1312 1706 babet,

160 1724 220 1781 asi
244 1739 311 1781 cum
335 1720 529 1780 admiratione
552 1720 678 1799 quadam
701 1720 815 1780 bonore
844 1721 949 1798 dignos
970 1732 1062 1798 putat.
1099 1723 1178 1782 llaec
1202 1732 1313 1791 autem,

194 1809 219 1864 si
244 1814 288 1864 est
309 1804 487 1883 simpliciter
511 1805 698 1884 breviterque
722 1803 891 1875 dicendum,
915 1803 1025 1884 quibus
1046 1802 1137 1867 rebus
1153 1810 1312 1884 pariuntur

195 1908 211 1949 a
240 1888 379 1966 singulis,
413 1888 527 1948 eisdem
555 1891 619 1949 iere
647 1907 664 1948 a
692 1890 888 1950 multitudine.
933 1890 991 1950 Sed
1021 1900 1066 1951 est
1093 1893 1168 1952 alius
1195 1909 1315 1970 quoque

263 2092 304 2140 18.
325 2089 587 2140 accommodandum
605 2095 660 2148 eat;
678 2088 797 2156 subject
814 2088 850 2140 ist
868 2088 927 2140 bier
939 2089 990 2142 der
1002 2090 1130 2158 folgende
1142 2091 1312 2157 Fragesat23

195 2155 250 2207 die
272 2157 395 2221 Frage,
429 2155 462 2207 ob
486 2155 601 2208 Jemend
624 2155 672 2206 der
696 2155 778 2207 biebe
802 2156 893 2207 Vieler
916 2158 1026 2222 bedorf,
1050 2175 1121 2210 mnes
1145 2158 1214 2209 naclr
1234 2157 1312 2225 jedes

194 2223 348 2274 Einzelnen
372 2222 544 2289 Lebensplan
569 2240 744 2288 angemessen
769 2224 881 2288 gestellt
904 2224 974 2290 (vgl.
994 2225 1018 2290 Ι,
1037 2231 1078 2290 32,
1100 2226 1139 2292 1),
1156 2225 1182 2276 d.
1203 2225 1228 2275 h.
1248 2233 1313 2277 ent-

193 2291 324 2342 schieden
343 2289 453 2341 werden
473 2290 538 2355 (egl.
558 2290 580 2355 Ι,
600 2295 640 2350 38,
659 2296 676 2342 4
694 2290 812 2356 repeti).

264 2365 303 2410 19.
322 2359 432 2408 Certum
451 2359 548 2422 initur.
585 2358 639 2409 Dos
661 2357 732 2408 Eine
753 2357 792 2408 sei
815 2357 928 2422 genios,
950 2357 976 2410 d.
996 2358 1021 2410 h.
1046 2359 1119 2411 finde
1143 2359 1313 2426 wenigstens

193 2425 237 2477 bei
254 2423 345 2476 Jedem
365 2432 442 2476 stott.
481 2423 549 2476 Man
567 2424 648 2488 siebt,
667 2424 718 2476 wie
738 2424 797 2475 hier
816 2425 950 2490 „gewisa“
976 2426 1032 2477 und
1056 2426 1262 2493 ,‚wenigstens“
1282 2428 1313 2478 in

194 2492 325 2544 einander
344 2491 508 2556 iibergeben.
529 2519 562 2528 -
580 2493 681 2543 babere
699 2493 770 2542 ohne
788 2492 1067 2560 Subjectsuccusativ‚
1087 2494 1134 2546 der
1150 2503 1228 2546 sonst
1241 2495 1313 2546 naob

194 2558 409 2626 adjectivischen
428 2559 618 2610 Redensarten
638 2558 716 2611 meist
732 2558 808 2611 steht
825 2565 861 2622 (s.
881 2577 915 2613 m.
937 2563 1058 2614 Gremm.
1078 2564 1106 2615 S.
1128 2566 1184 2625 157,
1207 2566 1232 2626 S.
1253 2564 1312 2627 72).

193 2627 249 2678 Des
267 2625 394 2691 folgende
411 2644 462 2677 noe
481 2627 538 2677 und
556 2635 653 2678 nostra
668 2627 704 2678 ist
715 2627 783 2678 eben
803 2644 856 2678 nur
869 2627 1064 2696 Bezeichnung
1075 2629 1120 2680 des
1134 2629 1313 2696 allgemeinen

194 2710 277 2756 man,
298 2693 421 2756 welches,
440 2694 492 2744 wie
504 2694 572 2746 oben
591 2711 615 2747 c.
629 2698 682 2757 5,6
700 2694 745 2746 die
757 2704 928 2762 praestantes
947 2696 1006 2761 viri,
1025 2714 1055 2748 so
1074 2697 1134 2748 bier
1152 2695 1195 2749 die
1214 2696 1312 2748 summi

88 2763 90 2767 ’
193 2770 222 2813 et
239 2761 387 2812 mediocres
409 2761 437 2812 in
461 2761 520 2812 sich
542 2762 620 2814 iasst.
640 2791 672 2799 -
695 2771 793 2813 nostra
816 2765 996 2829 mirantium,
1017 2764 1062 2815 die
1082 2781 1181 2816 uasere
1199 2765 1311 2816 Thaten

193 2829 373 2893 bewundern,
392 2845 475 2880 unser
494 2829 621 2880 Handeln
641 2830 737 2881 achten
759 2829 813 2880 und
834 2830 927 2882 ebren.

260 2902 302 2950 20.
322 2907 413 2948 eet-
431 2906 464 2948 ut
481 2925 514 2934 -
533 2899 661 2962 differat;
679 2897 735 2948 dies
747 2897 919 2949 Verbfiltniss
933 2897 1118 2965 (Bediirfniss)
1137 2897 1174 2949 ist
1191 2897 1234 2949 ein
1255 2898 1313 2949 und

194 2964 315 3017 desselbe
332 2965 376 3016 bei
389 2964 610 3016 hochstebenden
629 2964 684 3015 und
702 2965 909 3030 gewdhnlicben
922 2965 1081 3030 Mensoben‚
1100 2984 1134 3018 so
1152 2966 1229 3017 dass
1247 2965 1311 3017 lein

194 3049 302 3098 grosser
320 3031 502 3084 Unterscbied
525 3032 604 3083 dorin
627 3031 671 3082 bei
688 3031 784 3082 beiden
804 3031 848 3084 iet.
867 3037 1114 3100 -propemodum
1134 3049 1168 3084 au
1189 3032 1312 3100 utrisque

194 3100 322 3216 gellrdrig5
341 3099 397 3151 sest
413 3099 443 3149 in
461 3098 582 3165 gleicher
601 3098 691 3150 Woise
710 3098 816 3151 miissen
835 3097 913 3151 beido
931 3100 988 3152 dies
1007 3102 1053 3153 fair
1070 3101 1129 3152 sich
1147 3100 1311 3166 gewinnen3

195 3183 248 3233 vg.
268 3185 291 3222 c.
313 3173 335 3230 t,
354 3173 369 3218 2
388 3174 455 3218 tum.

694 3305 764 3358 Kar.
783 3306 807 3354 9.

264 3388 287 3436 1.
308 3385 361 3436 Sed
380 3386 413 3436 de
431 3385 563 3436 amicitie.
582 3385 639 3436 Der
657 3385 830 3453 Gedenlreng
849 3403 886 3454 ng
902 3387 940 3439 ist
956 3384 1109 3452 folgenden:
1128 3385 1190 3436 Wir
1203 3384 1311 3437 missen

193 3452 317 3510 streben.
347 3468 399 3502 uns
421 3450 469 3503 des
491 3452 677 3505 Woblwollen
706 3469 819 3506 unserer
873 3454 1040 3506 itmenscben
1070 3470 1104 3504 zu
1123 3453 1310 3518 versobaffen3

193 3519 264 3572 dazu
276 3519 376 3587 gehdrt
388 3519 531 3582 zuniiohst,
549 3519 611 3571 (less
629 3521 681 3572 wir
699 3536 749 3572 uns
768 3521 912 3573 wirlilicbe
926 3522 1053 3573 Freundc
1070 3520 1216 3588 gowinnen
1236 3522 1272 3585 (c,
1284 3525 1310 3582 8,

194 3593 219 3652 §.
242 3587 394 3669 19);·eber
418 3587 488 3667 euoh
512 3587 686 3668 inmeiterm
704 3588 802 3640 Kreise
820 3589 868 3641 des
887 3588 1070 3668 Woblmollen
1091 3587 1139 3670 der
1157 3588 1315 3669 thbdrger

193 3655 1311 3792 11111111111111111111111111111151111131111

194 3790 367 3857 legenbeiten
386 3790 581 3843 entscbeidend
598 3791 641 3845 ist.
671 3792 727 3843 Das
740 3791 922 3843 Wohlwollen
941 3791 989 3843 der
1006 3791 1164 3859 Mitbrirger
1182 3793 1246 3844 eber
1264 3792 1312 3842 be-

193 3859 259 3910 rubt
271 3858 480 3926 bauptadohlicb
494 3859 544 3911 aui
555 3858 614 3910 dem
626 3859 763 3921 Rubme‚
781 3858 876 3911 descen
892 3859 943 3910 wir
955 3859 999 3910 bei
1012 3859 1095 3911 ihnen
1110 3877 1161 3911 uns
1173 3859 1311 3910 erfreuen.

192 3955 225 4045 -ἆ
243 3930 335 3978 nostri
353 3950 386 3968 =
404 3944 457 3978 von
476 3926 537 3992 mir,
556 3926 607 3978 wie
625 3943 650 3982 c.
670 3932 695 3992 1,
712 3933 742 3990 33
762 3926 823 3978 eino
842 3927 918 3980 nicht
930 3927 1006 3978 mehr
1017 3927 1193 3979 vorhandcne
1205 3924 1312 3978 schrift

217 3995 323 4045 rcero's.

261 4067 285 4114 3.
304 4081 321 4114 a
339 4063 471 4128 simoniis,
489 4062 566 4114 nicht
584 4061 780 4128 Bezcichnung
798 4062 845 4115 der
863 4061 988 4129 thitigen
1005 4062 1126 4125 Person,
1143 4058 1261 4111 sondern
1274 4082 1310 4102 =

193 4147 225 4182 ex
249 4129 381 4197 singulis,
408 4128 535 4182 deutscb:
562 4130 695 4196 erlangen
717 4148 771 4181 von
795 4130 847 4182 den
866 4129 1033 4191 Einzelnen,
1057 4126 1112 4194 vgl.
1132 4143 1154 4179 c.
1174 4132 1216 4192 13,
1233 4130 1257 4183 7.
1277 4155 1310 4166 -

192 4200 363 4266 pericnlum
383 4197 432 4251 das
450 4198 568 4250 Verbum
587 4198 624 4249 ist
642 4214 690 4249 eus
709 4197 767 4250 dem
781 4197 938 4267 Hauptsetz
956 4197 985 4250 in
1003 4196 1055 4248 den
1072 4193 1244 4248 Relativsete
1262 4211 1312 4261 ge-

194 4282 328 4322 nommen.
345 4294 379 4303 -
399 4267 475 4317 aliae
492 4283 539 4332 qu.
559 4266 663 4318 edituo.
693 4264 793 4332 Heyne
810 4264 918 4317 beziebt
936 4282 964 4317 es
982 4264 1034 4316 eui
1048 4261 1097 4315 dae
1114 4262 1145 4314 in
1163 4279 1185 4314 c.
1202 4267 1233 4315 13
1252 4264 1312 4316 An·
