2826 4748
197 258 257 320 tit
584 228 586 232 ⁸
643 271 690 315 ns
713 267 862 316 osricus

195 410 288 470 tilius?
322 409 410 469 Nelos
432 409 462 468 id
491 409 609 486 quidem
640 417 698 474 est;
733 409 803 486 quin
839 410 927 467 etiam
958 405 1095 467 defendat
1122 414 1252 485 patrem,
1283 403 1310 466 si

196 503 346 571 arguatur.
391 493 456 555 Non
484 495 575 569 igitur
604 495 701 569 patria
734 499 866 568 praestat
894 489 1032 551 omnibus
1061 489 1183 550 officiis?
1216 491 1311 550 Immo

196 596 276 645 vero,
305 577 356 637 sed
384 579 441 656 ipsi
469 579 584 655 patriae
606 575 752 645 conducit,
783 577 848 654 pios
871 576 949 635 cives
972 574 1083 634 habere
1105 575 1135 633 in
1158 584 1312 653 parentes.

161 661 289 733 sociat
316 662 341 720 si
371 661 557 739 tyrannidem
584 656 744 738 occupare,
779 661 803 719 si
832 660 956 737 patriam
993 659 1122 736 prodere
1153 659 1312 719 conabitur

195 754 293 824 pater:
310 744 449 806 silebitne
466 746 562 805 lilius?
583 745 677 804 Immo
693 762 762 803 vero
778 742 948 804 obsecrabit
963 752 1087 820 patrem,
1105 760 1142 802 ne
1159 743 1188 802 id
1204 744 1309 810 laciat;

195 832 220 889 si
243 829 316 888 nihil
339 831 482 908 proficiet,
507 828 674 896 accusabit,
699 827 863 888 minabitur
892 829 995 894 etiam;
1025 825 1060 886 ad
1085 835 1261 900 extremum,
1286 829 1311 886 si

195 913 231 973 ad
255 915 418 990 perniciem
448 916 560 989 patriae
588 931 636 972 res
664 912 823 990 spectabit,
852 913 965 990 patriae
995 909 1120 972 salutem
1149 920 1311 990 anteponet

162 1006 177 1053 9
196 996 282 1056 saluti
305 999 407 1076 patris.
447 994 498 1057 91.
523 995 647 1065 Quaerit
669 998 766 1064 etiam,
789 998 814 1055 si
836 996 955 1072 sapiens
976 994 1157 1055 adulterinos
1172 1012 1312 1055 nummos

195 1083 344 1160 acceperit
371 1082 546 1158 imprudens
573 1097 628 1160 pro
657 1080 757 1147 bonis,
791 1098 858 1140 cum
886 1079 915 1138 id
945 1082 1094 1148 rescierit,
1119 1079 1309 1140 soluturusne

196 1167 234 1224 sit
257 1183 316 1232 eos,
340 1168 366 1224 si
389 1167 438 1225 cui
461 1165 575 1232 debeat,
593 1183 648 1243 pro
663 1165 759 1224 bonis.
798 1163 946 1240 Diogenes
961 1165 1016 1230 ait;
1040 1165 1194 1242 Antipater
1208 1174 1311 1242 negat,

146 1258 177 1306 to
196 1250 244 1308 cui
267 1250 364 1327 potius
386 1252 541 1309 assentior.
573 1247 630 1318 Oui
647 1251 746 1308 vinum
766 1249 882 1324 fugiens
903 1247 1011 1308 vendat
1033 1250 1139 1314 sciens,
1164 1246 1311 1307 debeatne

195 1333 304 1392 dicere.
336 1333 400 1393 Non
417 1351 538 1394 necesse
554 1341 636 1410 putat
651 1333 813 1408 Diogenem
831 1335 984 1410 Antipater
997 1333 1053 1391 viri
1066 1331 1135 1391 boni
1148 1333 1307 1391 existimat.

146 1424 175 1471 11
197 1416 274 1476 Haec
297 1426 366 1476 sunt
387 1419 471 1495 quasi
494 1427 684 1478 controversa
706 1418 770 1475 iura
795 1417 974 1477 Stoicorum.
1012 1415 1045 1475 ln
1070 1417 1216 1491 mancipio
1239 1433 1311 1474 ven·

196 1500 293 1560 dendo
323 1500 488 1561 dicendane
516 1504 601 1561 vitia:
630 1519 689 1560 non
713 1519 761 1567 ea,
792 1519 868 1578 quae
896 1502 954 1560 nisi
982 1501 1092 1559 dixeris
1115 1499 1311 1559 redhibeatur

197 1587 377 1663 mancipium
412 1588 477 1645 iure
500 1586 595 1652 civili;
629 1584 680 1643 sed
710 1584 792 1649 baec,
822 1583 994 1643 mendacem
1022 1601 1102 1653 esse,
1136 1582 1331 1657 aleatorem„

196 1671 338 1737 furacem,
363 1668 524 1729 ebriosum.
555 1670 646 1729 Alteri
664 1667 786 1727 dicenda
811 1668 958 1735 videntur,
981 1667 1065 1726 alteri
1084 1685 1143 1725 non
1159 1666 1308 1730 videntur.

146 1763 177 1809 12
196 1748 246 1811 92.
264 1753 375 1830 Siquis
391 1771 497 1812 aurum
515 1752 654 1817 vendens,
671 1749 851 1811 orichalcum
864 1769 896 1811 se
912 1758 995 1826 putet
1009 1750 1145 1818 vendere,
1157 1751 1310 1811 indicetne

195 1838 223 1894 ei
245 1837 288 1894 vir
303 1835 407 1902 bonus,
425 1854 531 1897 aurum
546 1835 619 1896 illud
636 1854 719 1905 esse,
743 1852 780 1895 an
804 1844 882 1895 emat
905 1834 1037 1902 denario,
1062 1833 1142 1913 quod
1164 1836 1203 1895 sit
1225 1834 1309 1896 mille

196 1918 368 1979 denarium?
391 1921 584 1998 Perspicuum
608 1930 653 1979 est
674 1921 742 1987 iam,
767 1920 888 1995 etquid
912 1918 984 1978 mihi
1008 1919 1157 1992 videatur,
1183 1927 1213 1979 et
1233 1937 1311 1998 quae

196 2005 235 2063 sit
256 2006 334 2064 inter
357 2023 408 2064 eos
431 2004 632 2083 philosophos,
657 2023 732 2083 quos
755 2005 911 2071 nominavi,
936 2003 1144 2064 controversia.

143 2087 186 2151 24
282 2089 368 2148 Pacta
399 2098 428 2148 et
449 2090 593 2165 promissa
610 2105 767 2166 semperne
783 2087 925 2147 servanda
947 2090 1022 2153 sint,
1045 2106 1121 2166 quae
1140 2105 1195 2146 nec
1212 2093 1236 2146 vi
1254 2105 1310 2146 nec

163 2177 179 2224 2
197 2171 265 2232 dolo
287 2173 364 2232 malo
389 2172 431 2250 (ut
448 2181 604 2252 praetores
618 2172 723 2249 solent)
742 2171 816 2232 lacta
833 2175 902 2231 sint.
934 2173 963 2230 Si
980 2175 1047 2250 quis
1061 2172 1310 2231 medicamentum

194 2286 271 2354 spiel,
290 2287 343 2352 vgl.
362 2304 385 2338 c.
406 2292 445 2350 19,
466 2291 505 2342 10.
517 2315 551 2323 -
569 2285 657 2350 Nesos
675 2293 716 2336 eet
732 2303 760 2337 es
779 2285 1011 2349 wireUnrecbt3
1032 2286 1087 2352 vgl.
1107 2287 1130 2351 I,
1149 2303 1171 2338 c.
1190 2291 1215 2350 9,
1233 2291 1257 2338 4.
1277 2315 1311 2323 -

194 2356 224 2405 in
242 2362 372 2421 parentes
389 2353 486 2420 gebiirt
503 2371 538 2404 zu
556 2355 625 2420 pios.

262 2426 286 2473 8.
308 2423 451 2472 accusabit
455 2441 464 2480 ,·
482 2418 628 2486 cigentliob
641 2418 789 2483 incusabit,
807 2419 863 2470 also
877 2418 954 2471 nicht
965 2418 1035 2472 beim
1048 2419 1176 2482 Richter3
1196 2437 1226 2471 er
1240 2420 1310 2472 wird

194 2486 249 2538 ihm
269 2487 413 2538 Vorwiirfe
427 2486 547 2545 macheu,
561 2485 618 2538 sein
631 2485 756 2538 Unrecbt
768 2486 920 2538 vorbalten.
934 2515 968 2524 —
982 2505 1012 2566 p.
1027 2489 1146 2539 salutem
1158 2497 1310 2556 anteponet

196 2553 279 2605 heisst
291 2553 442 2619 cllerdings
454 2554 491 2604 im
503 2554 656 2605 iussersten
671 2552 748 2605 Folle
766 2554 851 2614 sueb3
870 2552 1010 2614 indicabit,
1030 2553 1206 2606 indicendum
1226 2572 1308 2607 cura·

194 2621 244 2685 bit,
264 2638 320 2672 uvas
339 2620 436 2672 Cicero
456 2620 532 2672 nicbt
550 2621 685 2688 gerudeau
703 2621 883 2689 ausspreoben
904 2619 959 2671 will
984 2622 1039 2673 und
1059 2621 1144 2673 daher
1160 2623 1240 2674 einen
1261 2640 1311 2674 un·

194 2687 365 2740 bestimmten
384 2687 530 2740 Ausdruclr
548 2687 641 2741 wdblt.

265 2760 304 2811 10.
324 2756 461 2822 propones
483 2783 517 2792 —
538 2757 703 2822 Antipater3
725 2755 779 2822 vgl.
803 2773 825 2807 c.
846 2760 887 2819 12,
906 2760 929 2806 5.
956 2785 986 2794 -
1006 2757 1049 2808 uit
1065 2764 1128 2823 segt
1145 2757 1195 2821 Ja,
1213 2756 1311 2838 bejebt
1396 2819 1399 2826 .

195 2840 236 2885 es;
257 2823 330 2875 diese
348 2822 557 2889 Entsebeiduug
575 2823 650 2889 zeigt
667 2823 806 2890 subrigens,
827 2823 878 2874 wie
896 2822 941 2874 die
960 2823 1049 2876 Conse
1070 2841 1139 2876 uena
1157 2825 1230 2876 eines
1248 2842 1309 2877 ern-

197 2891 249 2941 mol
267 2889 450 2942 feblerhaiten
470 2890 659 2942 Grundsatzes
677 2890 743 2957 (vgl.
765 2908 788 2942 c.
811 2895 852 2956 ta,
865 2893 892 2949 5)
911 2907 962 2943 zur
975 2841 1119 2944 Anniibme
1131 2909 1184 2943 von
1197 2892 1308 2958 Dingen

195 2957 284 3017 hibrt,
312 2957 357 3008 die
379 2975 430 3024 ger
454 2957 530 3008 nicht
555 2973 589 3008 zu
608 2957 804 3024 recbtfertigen
822 2956 895 3019 sind;
919 2958 991 3010 denn
1012 2959 1130 3011 welcher
1148 2958 1310 3010 Recbtlicbe

196 3024 289 3076 wfirde
307 3024 399 3086 deicit,
417 3024 478 3076 dass
495 3041 526 3076 er
544 3023 743 3092 bintergsngen
762 3025 809 3090 ist,
826 3024 882 3077 sich
901 3043 936 3077 en
949 3027 1035 3078 einem
1054 3026 1167 3078 Andern
1186 3026 1310 3078 schcdlos

195 3091 288 3143 balten
308 3102 343 3143 zu‘
361 3091 458 3143 dtirfen
471 3090 611 3158 glauben?
629 3121 661 3130 -
678 3094 791 3158 sepiens
804 3109 865 3144 zum
880 3092 1035 3144 Verderben
1049 3093 1181 3160 neigend3
1201 3112 1231 3145 so
1246 3105 1311 3160 segc

175 3161 299 3211 .Seneca
317 3177 361 3226 ep.
382 3163 427 3210 12=
448 3157 611 3210 Gratissima
628 3167 696 3211 sunt
713 3177 804 3227 poma,
823 3178 883 3212 cum
901 3160 1023 3227 fugiunt.
1041 3191 1074 3198 -
1097 3162 1152 3212 oiri
1170 3162 1234 3212 boni
1252 3178 1309 3212 esse

196 3227 247 3277 boc
268 3225 358 3277 dicere
380 3225 524 3278 existimat.
544 3256 577 3263 -
595 3234 773 3278 controversa
796 3229 861 3279 iura
880 3227 1095 3293 Rechtsfrageu,
1119 3228 1183 3279 iiber
1207 3228 1310 3279 welche

194 3292 237 3343 die
254 3291 497 3358 Rechtsgelebrten
515 3293 597 3345 selbst
616 3293 692 3346 nicht
708 3293 782 3360 einig
799 3294 870 3346 siud.

263 3364 302 3411 11.
322 3361 476 3411 dicendane
487 3359 552 3424 siut,
565 3359 673 3428 quaerit
685 3361 820 3426 Hecaton,
839 3361 893 3427 egl.
912 3365 936 3423 §-
951 3367 975 3416 9,
990 3389 1022 3398 -
1036 3379 1106 3427 qnae
1118 3363 1175 3411 nisi
1188 3363 1309 3422 dixeris,¹

194 3426 250 3493 vgl.
269 3427 293 3490 Ι,
312 3432 337 3491 3,
357 3431 372 3479 b
392 3443 418 3478 u.
439 3432 478 3479 13.
498 3432 528 3486 93
553 3426 682 3491 deutsch3
707 3445 802 3494 wegen
826 3427 908 3480 deren
932 3427 1172 3494 Verscbweigung.
1192 3464 1224 3471 -
1243 3432 1307 3481 red·

194 3497 322 3546 bibentur
345 3494 405 3545 eine
427 3494 556 3562 gekauite
573 3496 662 3547 sache
685 3511 779 3561 wegen
801 3495 875 3547 eines
895 3494 1006 3547 ueniere
1030 3495 1223 3561 zuriiokgeben
1243 3497 1308 3549 oder

194 3561 429 3626 curriclrnebmen3
454 3563 523 3613 kurz
547 3561 627 3613 einen
646 3562 724 3614 Keuf
743 3561 937 3628 zurdclrgehen
962 3562 1059 3614 lassen.
1078 3592 1111 3600 —
1128 3566 1254 3629 furacem
1271 3564 1307 3615 im

192 3628 285 3680 Hause
300 3629 430 3694 dlebiscb,
448 3629 538 3681 wosfir
555 3629 603 3681 der
616 3629 688 3681 Herr
699 3628 747 3680 ibn
760 3629 843 3682 selbst
854 3630 967 3692 etrcite3
986 3629 1048 3682 dese
1060 3629 1116 3682 dies
1130 3630 1193 3682 kein
1207 3631 1308 3684 ll'ebler

195 3712 261 3760 wer,
274 3696 326 3748 cui
335 3697 429 3748 descen
440 3695 675 3764 Versobweigung
684 3696 745 3748 eine
757 3695 903 3749 redhibitio
913 3697 1067 3764 gegriandet
1080 3698 1188 3750 werden
1204 3700 1308 3751 konnte

195 3763 261 3829 (vgl.
281 3780 304 3814 c.
325 3768 366 3828 17,
387 3766 443 3829 12),
460 3779 543 3831 sagea
562 3764 606 3816 die
623 3764 777 3816 rb'mischen
797 3764 1008 3833 Rechtsquellen
1027 3765 1227 3817 ausdrticklich.

265 3835 303 3882 12.
322 3833 490 3884 orichalcum
501 3832 563 3883 eine
576 3832 782 3899 messingartige
794 3830 1046 3898 Metellmiscbung,
1064 3833 1215 3899 griechiscb
1233 3826 1307 3898 ὀρεί-

195 3900 298 3965 χαλκος
317 3908 448 3964 genennt.
463 3928 493 3936 -
507 3902 664 3966 denarium,
683 3917 738 3952 was
757 3900 803 3951 uir
820 3899 864 3952 ein
879 3900 986 3952 Casus?
999 3928 1032 3938 —-
1044 3918 1115 3968 puae
1133 3901 1171 3951 eit
1188 3900 1307 3951 welcher

195 3969 249 4016 Art
264 3965 304 4017 sie
322 3964 370 4032 sei,
390 3965 417 4018 d.
438 3965 465 4020 b.
485 3966 571 4018 werin
591 3967 628 4020 sie
646 3967 770 4030 bestehe;
791 3967 844 4033 egl.
865 3985 887 4019 c.
907 3972 948 4032 13,
969 3974 991 4019 i.

685 4055 755 4105 Kar.
776 4056 816 4107 24.

264 4137 286 4183 1.
305 4135 445 4184 seruanda
463 4135 536 4200 sint,
556 4135 672 4187 ndmlich
691 4136 831 4205 quaeritur
848 4154 898 4189 aus
915 4136 975 4189 dem
988 4135 1228 4202 vorhergebenden
1242 4154 1309 4190 con-

195 4198 327 4252 troversia
339 4217 373 4252 zu
385 4201 530 4267 erginzen.
545 4232 577 4240 —
590 4211 622 4255 nt
639 4212 782 4270 praetores
799 4204 904 4256 edicere
922 4207 1018 4257 solent.
1032 4235 1064 4243 -
1080 4205 1308 4257 medicamentum
