2826 4748
528 298 596 346 mo.
620 299 669 347 111.
703 298 780 346 cnr.
806 301 857 349 111.
1181 285 1244 363 135

123 441 301 520 praesertim
324 456 391 499 cum
414 435 535 505 scribat,
559 435 673 498 nullum
696 457 762 500 esse
783 438 881 500 locum
910 441 941 500 in
970 449 1030 503 tota
1052 440 1242 521 philosophia

126 535 187 587 tam
210 525 419 584 necessarium.
451 518 481 582 9.
497 521 619 582 Minime
635 541 704 583 vero
727 528 874 584 assentior
896 527 941 595 iis,
965 529 1018 604 qui
1040 534 1151 605 negant
1173 545 1241 586 eom
1264 546 1295 597 11

126 610 224 671 locum
246 627 262 668 a
284 609 424 668 Panaetio
447 608 701 685 praetermissum,
725 607 776 668 sed
793 608 928 670 consulto
945 612 1082 673 relictum
1103 629 1158 672 nec
1180 630 1243 671 om·

128 697 198 756 nino
213 691 403 754 scribendum
413 692 520 751 luisse:
534 693 602 768 quia
614 710 764 773 nunquam
777 702 878 771 posset
889 694 999 755 utilitas
1012 714 1077 756 cum
1090 695 1245 756 honestate

128 795 270 860 pugnare.
317 777 357 838 lle
381 794 438 853 quo
462 775 589 837 alterum
611 786 708 855 potest
722 776 837 838 babere
854 777 1076 848 dubitationem,
1100 780 1296 843 adhibeo-12

128 866 239 926 dumne
261 864 353 923 luerit
374 860 431 920 boc
453 879 555 938 genus,
580 862 660 940 quod
683 864 715 924 in
739 862 884 940 divisione
900 864 1031 927 Panaetii
1048 867 1167 925 tertium
1190 874 1244 933 est,

128 967 166 1010 an
182 948 270 1027 plane
286 945 497 1006 omittendum:
514 945 639 1006 alterum
653 946 782 1008 dubitari
798 967 857 1008 non
873 958 980 1027 potest,
994 953 1067 1030 quin
1079 970 1094 1010 a
1108 951 1246 1010 Panaetio

123 1040 299 1110 susceptum
316 1034 364 1100 sit,
386 1029 436 1090 sed
453 1030 600 1091 relictum.
637 1031 710 1092 Nam
726 1034 777 1112 qui
801 1051 816 1093 e
840 1034 981 1096 divisione
1004 1036 1152 1114 tripertita
1175 1033 1248 1094 duas
1267 1050 1298 1097 13

129 1126 229 1197 partes
253 1115 427 1184 absolverit,
456 1115 526 1176 huic
554 1133 676 1177 necesse
707 1126 751 1177 est
779 1125 892 1179 restare
915 1121 1043 1179 tertiam.
1087 1119 1248 1180 Praeterea

129 1206 160 1264 in
183 1209 315 1262 extremo
337 1200 413 1261 libro
435 1203 524 1260 tertio
547 1201 584 1260 de
607 1199 662 1261 bac
683 1211 768 1280 parte
791 1203 949 1281 pollicetur
972 1224 1003 1266 se
1019 1205 1160 1281 deinceps
1183 1221 1248 1263 esse

125 1289 290 1349 dicturum.
337 1282 384 1346 10,
410 1285 532 1345 Accedit
561 1286 665 1346 eodem
696 1292 780 1348 testis
811 1285 959 1366 locuples,
988 1289 1174 1361 Posidonius
1198 1289 1248 1365 qui
1269 1303 1301 1352 14

131 1376 221 1433 etiam
253 1369 354 1432 scribit
383 1373 415 1430 in
444 1369 569 1447 quadam
600 1372 739 1449 epistola,
774 1371 806 1433 P.
837 1371 978 1433 Rutilium
1008 1373 1118 1434 Ruium
1147 1373 1249 1433 dicere

131 1457 238 1536 solere,
261 1457 311 1535 qui
331 1453 503 1514 Panaetium
528 1455 675 1516 audierat:
706 1464 737 1517 ut
769 1474 857 1517 nemo
879 1460 976 1536 pictor
1000 1465 1080 1518 esset
1101 1461 1248 1524 inventus,

128 1542 236 1620 quiin
259 1541 317 1601 Coa
340 1540 455 1599 Venere
486 1536 705 1619 campartem,
735 1557 824 1618 quam
848 1541 964 1621 Apelles
988 1542 1249 1610 inchoatamreli-

131 1629 251 1705 quisset,
275 1624 441 1686 absolveret
471 1623 541 1699 (oris
572 1626 650 1685 enim
674 1626 869 1704 pulchritudo
891 1629 1001 1707 reliqui
1024 1629 1159 1702 corporis
1184 1628 1249 1686 imi·

131 1712 212 1771 tandi
235 1729 317 1789 spem
347 1708 525 1787 auferebat);
556 1711 597 1769 sic
626 1729 675 1780 ea,
705 1728 781 1788 quae
810 1712 968 1773 Panaetius
996 1713 1250 1790 praetermisisset

131 1806 162 1856 et
184 1813 243 1856 non
258 1794 442 1874 perfecisset,
467 1802 589 1872 propter
606 1812 718 1866 eorum,
736 1815 812 1876 quac
826 1796 1012 1876 perfecisset,
1036 1799 1248 1874 praestantiam

133 1882 281 1939 neminem
307 1897 371 1939 esse
393 1886 593 1956 persecutum.

220 1961 269 2024 11.
293 1962 526 2033 Quamobrem
550 1964 585 2023 de
609 1964 719 2023 iudicio
743 1965 875 2026 Panaetii
903 1965 1032 2027 dubitari
1054 1984 1114 2026 non
1136 1961 1285 2045 potest:3

133 2059 253 2109 rectene
282 2055 379 2107 autem
408 2048 484 2106 hanc
513 2050 629 2108 tertiam
658 2056 772 2127 partem
802 2050 838 2109 ad
867 2051 1084 2129 exquirendum
1121 2051 1251 2110 officium

131 2134 315 2210 adiunxerit,
340 2151 376 2192 an
395 2148 490 2201 secus,
515 2132 551 2191 de
575 2151 610 2191 eo
632 2134 760 2193 tortasse
784 2133 927 2214 disputari
949 2143 1055 2214 potest.
1094 2133 1166 2194 Nam
1190 2136 1251 2192 sive
1269 2145 1308 2215 2,

133 2219 292 2280 honestum
307 2217 400 2277 solum
418 2215 527 2277 bonum
544 2226 597 2285 est,
615 2226 648 2277 ut
662 2218 770 2278 Stoicis
784 2219 898 2297 placem
921 2221 981 2280 sive
1003 2219 1081 2300 quod
1092 2219 1251 2278 honestum

133 2313 188 2373 est,
213 2305 242 2363 id
273 2305 310 2364 ita
339 2319 487 2361 summum
521 2300 631 2361 bonum
667 2311 725 2372 cst,
762 2304 1013 2384 quemadmodum
1043 2304 1251 2381 Peripateticis

135 2391 240 2449 vestris
270 2387 400 2455 videtur,
431 2394 463 2446 ut
491 2388 587 2448 omnia
617 2406 652 2447 cx
681 2388 771 2447 altera
794 2397 879 2467 parte
902 2388 1044 2450 collocata
1067 2391 1115 2448 vix
1138 2388 1254 2448 minimi

136 2475 279 2534 momenti
308 2474 402 2532 instar
432 2469 573 2531 habeant:
604 2471 797 2533 dubitandum
826 2493 885 2536 non
915 2483 975 2541 est,
1005 2476 1076 2553 quin
1100 2489 1252 2551 nunqnam

135 2560 228 2639 possit
255 2557 364 2616 utilitas
393 2574 459 2615 com
481 2554 636 2617 honestate
653 2559 844 2619 contendere.
876 2559 978 2638 ltaque
992 2561 1173 2637 accepimus,
1198 2557 1251 2615 So·
1270 2569 1286 2616 3

133 2652 249 2703 cratem
266 2643 398 2700 execrari
413 2639 533 2699 solitum
549 2658 608 2710 eos,
626 2645 677 2720 qui
688 2645 817 2719 primum
830 2643 912 2712 haec,
930 2651 1035 2704 natura
1052 2644 1252 2710 cohaerentia,

206 2833 245 2879 11.
266 2832 384 2890 πομπὴ
402 2822 457 2888 vgl.
476 2822 498 2882 1,
518 2839 541 2874 c.
562 2827 603 2889 lt,
623 2827 638 2874 2
658 2824 768 2883 nullem;
787 2825 831 2876 die
848 2825 988 2893 Negation
1008 2824 1044 2877 ist
1063 2825 1120 2876 also
1140 2824 1185 2876 fiir
1201 2823 1254 2874 den

136 2895 252 2947 aweiten
259 2890 393 2945 Sstctheil
404 2889 464 2957 (sed
474 2906 547 2942 cons.
554 2890 616 2955 rel.)
625 2890 804 2959 nichtgriltig.
814 2922 847 2931 -
856 2894 1083 2960 praetermissum
1093 2891 1254 2958 tibersehen,

135 2962 309 3029 ansgelassen
330 2960 400 3010 ohne
419 2956 541 3021 Absicht,
561 2957 616 3025 vgl.
636 2963 662 3023 5,
683 2964 715 3011 14
734 2977 760 3011 ιι,
780 2977 802 3012 c.
822 2966 848 3025 3,
868 2965 912 3024 123
932 2962 1057 3012 relictum
1076 2960 1254 3026 anigegeben,

136 3031 192 3098 vgl.
213 3048 235 3081 c.
254 3034 280 3092 8,
299 3033 322 3080 1.
343 3055 374 3064 —-
388 3045 436 3078 nec
455 3043 527 3078 omn.
546 3028 642 3087 scrib.,·
661 3027 731 3079 euch
744 3027 803 3079 hier
815 3029 912 3095 gehiirt
933 3028 978 3079 die
990 3027 1129 3095 Negation
1148 3030 1254 3094 cigent-

136 3100 192 3150 licb
213 3114 246 3149 zu
265 3095 345 3148 scrib.
364 3094 457 3148 luisse.
477 3123 509 3132 -
529 3094 643 3160 Deque
662 3095 690 3146 in
704 3095 814 3148 Betreff
830 3095 918 3149 dieser
935 3096 1162 3164 Behauptung
1182 3113 1253 3159 nun;

137 3167 193 3233 egl.
212 3181 233 3215 c.
253 3168 278 3223 8,
297 3168 321 3215 2.
340 3166 380 3222 11,
399 3166 423 3217 5.
443 3167 484 3225 20,
503 3167 518 3213 6
538 3177 563 3213 u.
583 3167 606 3214 7.

209 3237 247 3284 14.
266 3232 398 3297 locuples,
414 3230 471 3296 egl.
489 3247 511 3286 c.
529 3235 571 3293 26,
590 3233 615 3282 8.
636 3259 667 3268 -
692 3231 722 3282 P.
743 3232 898 3291 Rutilium·
923 3231 978 3298 vgl.
997 3231 1036 3296 ΙΙ,
1055 3248 1077 3282 c.
1100 3237 1141 3297 13,
1163 3237 1202 3285 12.
1221 3265 1255 3275 -

139 3304 239 3359 solere·
263 3300 329 3350 iiber
351 3298 405 3349 den
426 3299 481 3350 lnf.
501 3297 595 3350 Praes.
613 3297 672 3364 vgl.
690 3298 714 3362 Ι,
733 3304 773 3351 30,
793 3304 833 3351 11.
854 3329 889 3338 -
911 3301 959 3366 qui
982 3328 1014 3336 -
1033 3301 1180 3365 qudierut,·
1198 3299 1254 3365 vgl.

137 3370 174 3434 ll,
194 3387 217 3423 c,
238 3373 277 3432 14,
293 3372 493 3418 tracuusstur.
509 3368 584 3417 -in
603 3366 658 3418 Coa
680 3367 796 3427 Venere;
813 3367 870 3434 vgl.
891 3367 957 3419 fiber
977 3366 1020 3418 die
1040 3366 1255 3418 verschiedenen

136 3438 269 3488 Lesarten
286 3434 375 3486 dieser
393 3434 478 3487 Stelle
496 3433 613 3499 nintsg,
632 3434 661 3486 S.
680 3438 704 3486 d.
724 3464 757 3472 -
780 3443 807 3486 et
825 3453 882 3487 non
899 3437 1060 3503 perfecisset
1077 3457 1111 3477 =
1128 3432 1184 3485 und
1203 3451 1256 3485 un-

135 3502 275 3556 volleodet
297 3501 420 3568 gelassen
444 3502 521 3553 batte
538 3501 570 3569 (s.
588 3502 610 3565 I,
629 3519 653 3555 c.
675 3508 715 3566 10,
735 3506 748 3553 1
767 3512 796 3554 et
818 3520 873 3554 non
891 3505 1022 3568 servare),
1046 3500 1179 3554 wodurch
1198 3501 1258 3556 Cic,

132 3572 186 3623 das
205 3568 356 3622 Verfahren
375 3571 414 3622 als
434 3570 510 3622 nicht
527 3569 681 3635 berechtigt
698 3570 866 3621 bezeichnet.

643 3691 712 3741 ΚΑΙ».
731 3693 755 3740 3.

209 3779 230 3825 1.
251 3776 284 3824 de
301 3773 420 3832 iudicio;
439 3772 505 3823 fiber
522 3773 596 3824 seius
615 3771 733 3823 Ansicht
744 3795 777 3816 =
794 3771 1014 3836 Ueberzeugung
1032 3769 1096 3836 (vgl,
1116 3770 1140 3834 1,
1158 3775 1199 3835 25,
1220 3775 1259 3837 t),

136 3844 201 3896 dass
220 3841 268 3893 das
286 3838 434 3892 Nfitzlicbe
457 3839 507 3891 mit
529 3839 589 3890 dem
607 3838 756 3892 Sittlichen
778 3840 808 3890 in
826 3837 949 3890 cennius
965 3838 1089 3889 hominen
1107 3837 1206 3890 hinne.
1224 3865 1259 3876 -

141 3941 173 3949 -
192 3911 280 3962 solum
299 3925 333 3960 zu
350 3908 452 3960 bunum
469 3906 591 3974 gebdrig.
605 3935 639 3944 -
657 3908 768 3973 vestris,
785 3906 909 3959 insolern
921 3905 969 3957 der
982 3905 1084 3957 Lehrer
1096 3905 1142 3958 des
1153 3907 1258 3959 Subnes

138 3979 186 4030 ein
203 3975 409 4045 Peripatetiker
433 3992 496 4027 war.
516 4009 549 4017 -
568 3993 600 4026 ecc
624 3975 714 4026 alteru
737 3983 818 4041 parte
835 3992 856 4027 s.
877 3991 901 4029 v.
921 3990 945 4024 a.
963 3973 991 4024 in
1014 3973 1101 4027 altera
1120 3974 1206 4026 lance.
1225 4007 1258 4016 -

139 4053 307 4100 momentum
329 4042 475 4111 cigentlicb
501 4043 550 4095 das
568 4042 810 4107 Uebergewicht,
837 4040 952 4093 welches
974 4040 1017 4092 die
1035 4042 1194 4107 Bewegung
1211 4039 1259 4092 der

141 4112 304 4179 Wagscbale
315 4112 478 4178 versulasst,
498 4110 573 4162 dann
586 4109 715 4161 Gewicht
732 4110 898 4179 tiberbaupt3
918 4111 1011 4160 inetur
1022 4133 1056 4152 =
1066 4109 1190 4174 Geltung
1202 4108 1257 4175 vgl.

142 4180 181 4246 11,
200 4199 223 4232 c.
242 4185 285 4246 20,
302 4186 327 4234 6.
348 4210 381 4218 -
407 4198 468 4232 cum
494 4180 521 4230 b.
548 4180 712 4230 contendere
740 4176 789 4230 mit
814 4177 862 4230 der
887 4177 1057 4230 Sittlichkeit
1082 4176 1111 4227 in
1139 4175 1259 4228 Conflict

142 4250 277 4300 hominen.
