2826 4748
174 265 215 330 48
619 282 667 328 nn
691 281 840 330 oremus

175 423 265 490 enim,
290 422 350 498 qui.
374 420 452 499 quod
474 423 615 490 sentiunt,
641 422 696 480 etsi
711 423 856 500 optimum
872 423 918 489 sit,
942 428 1040 482 tamen
1061 420 1188 481 invidiae
1204 429 1288 483 metu

176 522 235 566 non
258 505 369 565 audent
391 504 499 565 dicere.

123 577 164 644 25
260 586 309 652 85.
335 589 462 650 Omnino
486 593 537 667 qui
559 592 605 649 rei
627 588 763 668 publicae
786 590 952 669 praefuturi
980 597 1049 649 suut
1077 590 1134 669 duo
1157 589 1290 652 Platonis

173 683 333 754 praecepta
355 680 494 735 teneant:
519 692 621 741 unum,
645 683 679 734 ut
699 675 854 734 utilitatem
878 676 983 735 civium
1006 676 1049 734 sic
1072 680 1219 746 tueantur,
1243 686 1287 746 ut,

174 776 369 838 quaecunque
384 766 483 836 agunt,
508 759 544 819 ad
566 776 629 818 eam
646 759 787 827 referant,
805 757 889 819 obliti
909 759 1132 820 commodorum
1149 777 1288 820 suorum:

173 843 307 913 alterurn,
331 854 364 904 ut
387 851 479 904 totum
503 861 611 922 corpus
634 845 678 902 rei
700 842 837 921 publicae
859 852 975 916 curent,
1000 863 1052 913 ne,
1077 844 1146 904 dum
1170 854 1287 924 partem

138 947 154 994 2
173 927 299 1007 aliquam
322 935 452 1004 tuentur,
475 926 605 1005 reliquas
627 925 773 989 deserant.
819 927 857 988 Ut
880 930 957 988 enim
982 928 1088 996 tutela,
1112 930 1154 989 sic
1177 947 1285 1009 procu·

170 1013 245 1073 ratio
268 1011 470 1091 reipublicae
499 1011 535 1071 ad
558 1011 712 1072 utilitatem
735 1030 847 1082 eorum,
871 1015 922 1093 qui
947 1015 1096 1074 commissi
1119 1022 1198 1082 suut,
1224 1031 1288 1074 non

138 1096 208 1163 aad
231 1115 345 1166 eorum,
370 1096 478 1174 quibus
501 1100 658 1158 commissa
683 1104 736 1166 est,
760 1096 889 1175 gerenda
912 1105 966 1158 est.
1005 1098 1063 1169 Qui
1086 1105 1184 1159 autem
1208 1100 1289 1176 parti

173 1183 279 1242 civium
309 1181 484 1249 consulunt,
513 1189 629 1259 partem
658 1181 827 1260 negligunt,
851 1198 914 1241 rem
945 1183 1227 1260 perniciosissimam
1256 1184 1288 1243 in

174 1267 318 1327 civitatem
341 1265 496 1336 inducunt,
520 1265 695 1328 seditionem
712 1275 802 1346 atque
825 1266 1017 1328 discordiam:
1041 1285 1076 1326 ex
1099 1285 1157 1344 quo
1181 1269 1288 1337 evenit,

173 1361 206 1410 ut
229 1348 278 1409 alii
300 1349 468 1429 populares,
493 1350 544 1411 alii
567 1350 691 1411 studiosi
720 1352 822 1430 optimi
846 1354 991 1431 cuiusque
1014 1350 1175 1421 rideantur,
1199 1354 1288 1431 pauci

139 1436 388 1495 tuniversorum.
440 1432 489 1496 86.
520 1435 594 1496 llinc
623 1436 699 1514 apud
727 1436 922 1497 Athenienses
952 1453 1076 1513 magnae
1105 1436 1288 1496 discordiae:

173 1521 203 1579 in
226 1527 326 1580 nostra
348 1537 382 1580 re
404 1520 522 1599 publica
545 1538 606 1580 non
628 1519 723 1581 solum
746 1521 921 1588 seditionem
954 1520 1006 1580 sed
1035 1523 1122 1581 etiam
1145 1521 1288 1600 pestilera

171 1602 249 1664 bella
272 1604 383 1665 civilia:
407 1622 482 1682 quae
505 1607 602 1683 gravis
625 1612 652 1664 et
675 1605 763 1665 fortis
785 1606 856 1664 civis
879 1606 960 1665 etin
982 1604 1156 1683 republica
1179 1604 1289 1683 dignus

171 1689 338 1768 principatu
362 1689 455 1765 lugiet
476 1697 563 1766 atque
586 1689 696 1758 oderit,
727 1688 881 1768 tradetque
903 1707 936 1748 se
957 1695 1051 1749 totum
1074 1688 1288 1767 reipublicae,

171 1790 267 1851 neque
291 1790 362 1850 opes
386 1782 435 1833 aut
458 1775 619 1850 potentiam
642 1773 875 1840 consectabitur,
899 1781 1049 1853 totamque
1072 1791 1137 1834 eam
1159 1775 1201 1834 sic
1224 1783 1289 1834 tue-

138 1857 267 1927 5bitur,
302 1865 334 1917 ut
363 1857 500 1919 omnibus
533 1855 675 1917 consulat.
732 1857 794 1919 Nec
823 1876 894 1918 vero
930 1856 1105 1918 criminibus
1138 1857 1220 1918 salsis
1256 1863 1288 1920 in

172 1941 270 2001 odium
294 1948 344 2001 aut
365 1941 504 2002 invidiam
528 1958 708 2020 quemqnam
732 1942 862 2011 vocabit;
892 1945 1071 2021 omninoque
1093 1945 1133 2003 ita
1155 1945 1286 2004 iustitiae

171 2025 377 2105 honestatique
400 2027 606 2096 adhaerescet,
635 2035 681 2096 ut,
711 2026 781 2087 dum
811 2045 845 2088 ea
868 2035 1037 2097 conservet,
1067 2029 1199 2104 quamvis
1221 2045 1288 2105 gra-

171 2113 246 2170 viter
275 2111 418 2181 offendat,
454 2120 640 2190 mortemque
675 2119 794 2191 oppetat
820 2114 931 2191 potius,
966 2131 1053 2191 qnam
1082 2111 1201 2171 deserat
1228 2111 1287 2183 illa,

173 2213 247 2274 quae
271 2194 342 2255 dixi.

137 2290 152 2338 6
256 2276 306 2341 87.
330 2279 492 2340 Miserrima
521 2281 641 2340 omnino
671 2287 716 2340 est
742 2279 864 2340 ambitio
886 2281 1092 2358 honorumque
1121 2281 1287 2341 contentio:

173 2362 209 2422 de
241 2382 297 2443 qua
320 2363 473 2442 praeclare
502 2363 578 2442 apud
603 2363 730 2424 eundem
761 2372 806 2424 est
827 2364 995 2434 Platonem,
1025 2361 1160 2424 similiter
1189 2364 1288 2426 iacere

172 2466 231 2517 eos,
255 2450 304 2526 qui
328 2449 405 2508 inter
427 2465 459 2506 se
482 2446 705 2518 contenderent,
729 2457 794 2508 uter
813 2451 912 2527 potius
933 2467 995 2508 rem
1019 2447 1164 2526 publicam
1188 2449 1282 2509 adrni-

171 2647 226 2682 vou
244 2629 394 2683 inclaresco
414 2631 499 2682 neben
519 2629 625 2683 eierare
643 2631 811 2697 (declarare),
828 2630 882 2683 wie
894 2629 1001 2700 placere
1013 2631 1069 2683 und
1087 2633 1181 2684 sedere
1199 2634 1287 2684 ueben

172 2697 282 2766 piscare
300 2715 326 2751 u.
340 2698 444 2751 sedere.
458 2729 491 2737 -
504 2701 626 2760 nudent;
646 2698 693 2750 der
705 2698 842 2751 Indicatir
858 2699 896 2751 ist
907 2698 992 2751 durch
1006 2699 1058 2751 elle
1071 2699 1287 2752 Handschriften

173 2765 321 2832 gesichert3
348 2766 443 2819 Cicero
466 2767 574 2819 scheiut
597 2766 653 2818 elac
675 2767 827 2820 bestimmte
848 2767 987 2819 Persouen
1011 2767 1098 2820 demit
1119 2767 1287 2820 bezeichnen

173 2850 208 2885 zu
226 2833 339 2886 wellen:
358 2834 412 2900 rgl.
434 2853 457 2886 c.
476 2840 502 2902 2,
521 2840 544 2888 5.

649 2940 737 2990 Kar.
755 2940 797 2988 25.

241 3024 266 3073 1.
284 3028 421 3072 tueantur
432 3019 486 3086 egl.
500 3038 522 3072 c.
537 3025 563 3085 4,
577 3026 600 3072 1.
612 3049 645 3057 -
657 3028 746 3072 totum
758 3037 859 3087 corpus
871 3018 915 3070 die
925 3019 1129 3072 Gesemmtbeit.
1142 3049 1174 3057 —
1187 3022 1287 3074 seditio

173 3088 212 3139 ist
233 3085 292 3138 bier
314 3087 390 3139 nicht
409 3086 562 3152 Aufstend,
584 3086 702 3140 sonderu
720 3087 868 3156 Spaltung,
888 3087 1086 3152 Zerwfirfuiss3
1110 3104 1210 3140 ronse
1229 3088 1285 3140 und

175 3155 217 3206 ire
234 3153 362 3221 gebildet,
381 3154 433 3206 wie
451 3154 573 3223 prodire,
591 3154 727 3224 prodesse.

238 3229 262 3273 3.
281 3223 378 3289 optimi
396 3224 529 3290 cuiusque
548 3224 704 3288 Gegeusetz
724 3238 758 3273 zu
777 3221 885 3290 populi,
904 3221 994 3274 indem
1012 3223 1154 3303 popularis
1173 3242 1193 3276 s.
1213 3242 1239 3275 v.
1258 3241 1284 3278 a.

192 3287 268 3357 opuli
290 3289 428 3341 studiosus
450 3289 502 3354 ist3
526 3289 622 3358 optimi
645 3290 685 3342 als
703 3289 798 3342 Partei
820 3289 856 3340 im
875 3290 971 3342 Stante
993 3289 1037 3340 dre
1060 3307 1110 3342 zur
1128 3290 1286 3360 Regierung

171 3308 377 3423 berechtigten,
389 3357 491 3409 welche
503 3357 553 3410 mit
564 3357 642 3408 ibren
656 3357 824 3424 Anhh'ngern
837 3373 991 3410 zusammen
1005 3357 1150 3424 optimates
1168 3358 1285 3424 heisseu3

171 3425 297 3476 universi
322 3424 373 3503 elle
392 3424 589 3492 Staatsbtirger
607 3441 776 3505 zusammen,
796 3425 864 3476 oben
884 3431 972 3477 totum
992 3441 1090 3494 corpus
1108 3425 1285 3507 reipublicpe.

169 3509 292 3612 mallit
310 3491 981 3628 lllllttlllhtdtlll'llm‘tttltt‘tt
1000 3492 1287 3614 trtl’hll‘ltlttl

171 3629 218 3679 der
235 3629 401 3695 Uebergang
419 3645 472 3680 von
491 3627 551 3680 dem
570 3636 599 3679 et
617 3644 678 3680 zum
696 3627 744 3680 aed
763 3628 846 3694 zeigt.

238 3700 262 3747 5.
283 3698 460 3748 adhaerescet
477 3696 532 3748 lest
549 3695 680 3762 (bingen)
700 3696 793 3748 balteo
813 3713 848 3749 eu
868 3703 962 3749 etwas.
978 3725 1010 3734 -
1024 3715 1066 3762 ea,
1084 3696 1216 3749 iustitiam
1236 3698 1285 3749 ho-

173 3771 370 3831 nestatemque,
389 3763 651 3830 zusammengeiasst
669 3764 709 3817 elo
727 3763 862 3816 secblicbe
874 3764 995 3830 Begriffe
1012 3763 1048 3817 im
1061 3764 1210 3825 Neutrum
1228 3765 1284 3830 rgl.

172 3848 195 3883 c.
214 3835 257 3895 40,
278 3837 306 3895 13
325 3831 364 3896 ΙΙ,
383 3837 408 3896 l,
425 3837 449 3887 8.
467 3837 491 3894 8,
510 3837 551 3884 21.
572 3837 613 3898 14,
633 3837 656 3885 5.
675 3861 708 3870 —
725 3833 852 3900 quamvis
870 3833 993 3898 praviter
1012 3831 1150 3884 adverbiel
1162 3831 1204 3883 rel
1222 3847 1285 3898 gra·

171 3897 287 3957 vissime,
308 3898 377 3950 noch
395 3917 425 3951 so
444 3900 517 3966 bart,
534 3899 588 3967 vgl.
606 3900 645 3964 ΙΙ,
664 3919 686 3955 c.
705 3905 748 3966 20,
765 3904 790 3953 6.
816 3929 848 3938 -
873 3902 1011 3965 offendere
1034 3907 1175 3951 enstosseu
1198 3901 1284 3952 sowol

173 3982 233 4018 znm
260 3965 358 4032 eignen
377 3966 517 4032 Scheden,
545 3967 584 4020 als
611 3985 645 4020 zu
673 3968 718 4021 des
738 3970 919 4020 Gestossenen
942 3966 1090 4030 Verdruss3
1119 3966 1204 4018 daber
1226 3966 1284 4019 bier

173 4033 297 4087 Schaden
318 4034 441 4098 uelamen,
459 4034 511 4086 wie
529 4035 645 4088 offensio
664 4054 687 4088 c.
705 4041 748 4098 21,
767 4040 797 4098 5;
818 4036 881 4086 aber
899 4052 922 4088 c.
941 4038 982 4098 28,
999 4038 1015 4086 8
1033 4033 1182 4086 verletzeu.

239 4107 262 4154 6.
281 4102 443 4154 Miserrima
462 4118 533 4168 ganz
553 4103 740 4170 uuglircklich‚
755 4103 933 4171 jiimmerlich.
950 4129 984 4138 —
1003 4103 1115 4153 ambitio
1133 4103 1283 4155 bonorum-

172 4189 224 4237 que
247 4170 385 4223 contentio
412 4169 465 4236 vgl.
489 4187 511 4222 c.
537 4175 582 4236 23,
601 4177 626 4224 l.
646 4201 679 4210 —
697 4174 826 4231 eundenu
849 4168 978 4222 ebenfalls
1000 4168 1044 4219 bei
1062 4168 1152 4234 Plato,
1170 4170 1221 4221 wie
1240 4169 1284 4222 die

173 4237 241 4290 zwei
260 4237 357 4304 obigeu
375 4236 573 4291 Vorscbrifteu.
592 4269 624 4279 -
651 4241 857 4304 contenderent,
875 4237 913 4290 als
933 4235 966 4288 cb
983 4236 1165 4304 vorherginge
1182 4237 1285 4291 dictum
