2826 4748
459 311 528 357 um.
551 311 574 357 1.
620 311 696 359 car.
719 314 846 360 xxxur.
1174 301 1215 366 63

10 434 16 453 ”
96 446 155 508 ιιΙΙο
178 450 277 509 ollicio
301 446 478 533 claudicare.
524 445 594 510 120.
619 451 661 512 Ad
683 451 760 511 hanc
783 458 881 512 autem
904 455 1050 514 rationem
1074 458 1249 533 quantana

95 535 256 593 maximam
280 533 338 593 rim
362 542 467 594 natura
491 532 594 602 habet,
618 536 737 596 lortuaa
760 538 941 614 proximam
973 539 1130 617 utriusque
1151 557 1214 599 orn·
1259 554 1262 559 ·

96 619 169 678 nino
191 616 328 679 habenda
356 620 434 677 ratio
464 625 509 677 est
537 618 569 677 in
592 616 750 696 deligendo
773 636 883 697 genere
906 621 991 690 vitae,
1016 622 1067 684 sed
1091 631 1214 684 naturae

96 703 200 780 magis.
245 701 336 763 Multo
364 704 444 762 enim
476 708 505 761 et
532 704 646 763 firmior
674 710 719 762 est
747 712 777 764 et
805 706 1003 774 constantior,
1034 712 1067 766 ut
1094 707 1248 768 fortunat>

95 803 309 866 nonnunquam
326 787 389 865 ipsa
407 794 546 862 tauquam
562 786 695 847 mortalis
711 804 778 847 cum
791 788 951 849 immortali
964 796 1067 850 natura
1080 809 1214 869 pugnare

95 869 240 934 rideatur.
286 867 343 938 Qui
365 871 456 949 igitur
487 869 524 932 ad
553 877 677 932 naturae
706 888 776 931 suae
800 889 858 932 uon
881 873 1002 934 vitiosae
1025 891 1120 952 genus
1142 881 1247 936 con-e

93 955 191 1016 silium
213 954 328 1015 vivendi
350 972 439 1015 omne
463 953 636 1023 contulerit,
666 955 690 1015 is
713 959 910 1016 constantiam
939 965 1041 1018 teneat
1070 959 1109 1035 (id
1133 962 1213 1019 euim

93 1042 222 1101 maxime
254 1038 354 1117 decet)
388 1040 444 1099 nisi
479 1040 555 1099 torte
585 1057 618 1101 se
645 1038 827 1101 intellexerit
857 1059 972 1103 errasse
1000 1044 1032 1102 in
1055 1041 1212 1120 deligendo

93 1142 204 1203 genere
226 1124 311 1183 vitae.
350 1122 435 1194 Quod
457 1123 482 1183 si
505 1123 646 1184 acciderit
670 1127 890 1203 (potestantem
907 1125 1054 1202 accidere)
1078 1128 1247 1189 iacienda?

96 1226 214 1269 morum
238 1208 502 1285 institutorumque
524 1210 649 1268 mutatio
672 1215 724 1269 est.
764 1209 836 1270 Eam
860 1213 1065 1280 mutationem,
1090 1214 1115 1272 si
1139 1219 1248 1273 tem-8

56 1362 62 1369 ¹
94 1310 168 1372 pora
197 1291 393 1360 adiuvabuut,
424 1290 537 1353 facilius
565 1292 806 1373 commodiusque
835 1294 992 1365 iaciemus;
1029 1297 1074 1356 sin
1104 1298 1211 1365 miuus,

76 1378 205 1453 ⁴sensim
233 1378 292 1437 erit
313 1377 554 1456 pedetentimque
576 1378 727 1440 facienda:
759 1385 793 1437 ut
820 1379 979 1448 amicitias,
1010 1398 1086 1460 quae
1115 1382 1215 1441 minus

94 1458 247 1523 delectent
274 1467 302 1520 et
330 1461 428 1522 minus
458 1460 633 1540 probentur,
664 1465 759 1537 tnagis
780 1460 895 1543 ‘decere
918 1471 1042 1524 censent
1064 1467 1213 1543 sapientes

94 1545 203 1607 sensim
221 1543 346 1614 diluere,
363 1563 451 1624 quam
468 1552 592 1624 repente
607 1545 792 1624 praecidere.
824 1544 894 1607 121.
913 1547 1098 1608 Commutato
1113 1557 1212 1610 autern
1231 1558 1247 1606 e

95 1647 207 1708 genere
233 1631 324 1700 vitae,
353 1631 437 1691 omui
466 1632 582 1691 ratione
606 1630 771 1690 curandum
800 1637 853 1700 est,
877 1639 910 1691 ut
932 1631 962 1691 id
985 1631 1064 1692 bono
1087 1633 1212 1693 consilio

95 1716 204 1776 fecisse
227 1714 391 1775 videamur.
479 1748 484 1753 -
911 1717 912 1720 ’

180 1798 239 1860 Sed
255 1800 395 1877 quoniam
411 1796 499 1877 paulo
515 1804 582 1859 ante
605 1796 717 1861 dictum
733 1806 786 1869 est,
809 1799 969 1860 imitandos
992 1820 1057 1862 esse
1073 1802 1211 1869 maiores,
1232 1820 1264 1870 10

93 1884 225 1963 primum
247 1881 320 1942 illud
345 1892 501 1962 exceptum
524 1884 577 1953 sit,
607 1900 645 1942 ne
671 1883 741 1944 vitia
764 1884 822 1943 sint
843 1885 996 1945 imitanda.
1041 1885 1164 1955 Deinde,
1188 1887 1213 1946 si
1232 1901 1262 1948 11
1310 1940 1314 1945 .

94 1975 199 2029 natura
221 1985 282 2027 non
305 1967 390 2035 leret,
414 1974 446 2026 ut
469 1965 612 2045 quaedam
635 1967 746 2027 imitari
771 1969 864 2044 possit
886 1971 930 2042 (ut
952 1971 1115 2047 superioris
1137 1971 1213 2031 diri·

95 2053 160 2113 cani
182 2050 270 2120 tilius,
294 2053 346 2130 qui
368 2052 448 2110 hunc
463 2049 565 2111 Paullo
580 2057 681 2110 natum
698 2051 856 2129 adoptavit,
873 2059 996 2131 propter
1011 2053 1212 2114 infirmitatem

95 2134 274 2197 valetudinis
295 2153 354 2196 non
378 2143 436 2195 tam
460 2137 557 2214 potuit
579 2135 672 2211 patris
693 2133 799 2196 similis
822 2153 900 2203 esse.
931 2153 1019 2215 quam
1042 2136 1090 2196 ille
1113 2136 1212 2197 luerat

96 2221 167 2298 sui);
191 2221 216 2280 si
239 2220 327 2298 igitur
350 2237 409 2279 non
433 2221 543 2298 poterit
565 2221 627 2279 sive
650 2237 754 2281 causas
770 2219 959 2291 defensitare,
983 2222 1043 2280 sive
1065 2222 1208 2301 populum
1230 2230 1261 2279 12

97 2304 295 2365 concionibus
317 2311 430 2373 tenere,
454 2304 515 2363 sive
536 2301 748 2380 bellagerere:
772 2304 822 2365 illa
837 2311 937 2365 tamen
953 2313 1106 2383 praestare
1122 2303 1212 2366 debe·

95 2388 148 2458 bit,
173 2406 248 2467 quae
269 2397 357 2449 erunt
372 2389 403 2448 in
419 2388 513 2467 ipsius
529 2394 682 2465 potestate,
699 2390 852 2458 iustitiam,
869 2388 968 2459 iidem,
991 2388 1210 2458 liberalitatem,

95 2473 280 2541 modestiam,
298 2474 534 2551 temperantiam,
551 2490 609 2551 quo
625 2475 724 2533 minus
740 2471 776 2533 ab
792 2492 828 2534 eo
844 2473 882 2542 id,
906 2473 984 2553 quod
1002 2474 1086 2545 desit,
1111 2476 1212 2552 requi·

94 2568 186 2621 ratur.
225 2556 342 2633 Optima
365 2565 464 2618 autem
487 2555 639 2617 hereditas
661 2575 676 2617 a
693 2557 827 2636 patribus
842 2558 970 2618 traditur
985 2557 1096 2629 liberis,
1114 2561 1210 2619 omui·
1231 2573 1263 2622 13

94 2773 169 2826 vitae
187 2775 361 2841 perpetuitas
380 2772 423 2824 die
441 2789 530 2839 genae
548 2772 641 2825 Dauer
659 2771 704 2824 des
722 2772 837 2828 Lebeus.
849 2801 880 2810 —
895 2774 1055 2825 claudicare
1068 2774 1119 2825 wie
1132 2791 1213 2827 unser

93 2840 236 2894 deutsches
254 2839 433 2895 erlahmeu.

160 2945 186 2996 4.
207 2943 280 2993 ratio
297 2941 356 2992 bier
374 2941 450 2993 mehr
468 2941 572 3008 verbel,
591 2940 631 2994 als
649 2921 837 3007 gewibnlichq
855 2939 899 2991 die
917 2941 1109 3008 Berecbuung,
1128 2940 1212 2993 Bere—

94 3008 199 3075 thuug3
220 3009 287 3061 oben
307 3007 475 3062 deliberatio.
493 3038 526 3047 -
544 3017 577 3062 at
593 3032 627 3052 =
646 3009 686 3060 ite
705 3015 744 3062 ut.
763 3037 796 3046 —
814 3016 950 3074 tanquam
962 3008 997 3062 da
1009 3007 1155 3076 cigentlich
1168 3007 1213 3060 die

93 3076 208 3129 fortuna
228 3075 267 3128 als
281 3076 380 3128 Gdttin
400 3076 577 3142 austerblicb,
594 3075 638 3126 die
651 3075 831 3128 menscblicbe
843 3076 937 3128 Nutur
949 3077 1014 3130 aber
1027 3074 1154 3129 sterblich
1167 3075 1211 3133 ist.

162 3181 187 3230 6.
206 3194 263 3228 ιιοιι
281 3176 414 3238 vitiosae,-
432 3176 480 3229 das
500 3177 695 3244 uachgestellte
714 3177 858 3244 Adjectiv,
882 3177 971 3231 aurnsl
994 3177 1045 3229 mit
1062 3177 1138 3229 einer
1155 3177 1212 3229 Ne·

93 3244 190 3312 getion
218 3243 283 3294 oder
310 3243 420 3295 anderrn
441 3244 544 3296 Zusutz
571 3244 744 3307 verbunden,
767 3244 805 3297 iat
823 3245 902 3296 meist
919 3244 1007 3297 einem
1026 3244 1212 3297 Relativsetze

93 3310 197 3379 gleich3
222 3311 294 3362 hier:
318 3327 399 3362 weun
421 3311 473 3369 sie,
496 3329 526 3364 so
544 3312 611 3365 weit
627 3312 680 3377 sie,
701 3311 778 3364 nicht
794 3311 943 3364 leblerhaft
960 3312 1005 3364 ist.
1043 3314 1080 3365 So
1099 3312 1211 3364 vorher:

95 3380 155 3448 ipse
177 3378 301 3431 mortalis
326 3378 381 3430 und
404 3396 428 3431 c.
446 3383 488 3444 30,
510 3383 549 3432 17.
572 3384 656 3443 31,1.
682 3384 724 3445 36,
742 3383 773 3445 53
795 3379 834 3442 ΙΙ,
854 3387 876 3444 1,
897 3384 923 3433 9.
949 3385 990 3444 19,
1008 3385 1023 3432 7
1033 3399 1040 3443 3
1071 3380 1124 3445 ΙΙΙ,
1142 3384 1167 3442 6,
1186 3384 1211 3435 8.

93 3452 135 3511 21,
153 3451 179 3503 6.
196 3475 231 3485 -
248 3447 436 3498 constantiam
454 3455 547 3499 teneat
564 3464 594 3498 er
611 3448 689 3514 miige
707 3454 875 3515 consequent
891 3446 1009 3499 bleibeu·

161 3552 185 3600 8.
204 3555 329 3614 tempora
347 3547 391 3598 die
409 3547 660 3612 Zeitrerbiltuisse‚
679 3566 703 3603 z,
718 3548 749 3598 Β.
771 3565 850 3600 wenn
868 3547 912 3600 ein
926 3547 1107 3601 Studirender
1125 3546 1212 3598 durch

93 3614 173 3666 einen
193 3614 278 3681 Krieg
297 3615 476 3681 Gelegenheit
497 3615 599 3680 findet,
621 3616 714 3667 eeinen
732 3616 855 3668 Wunsch
874 3614 971 3668 Soldat
993 3631 1028 3666 au
1048 3614 1158 3666 werden
1177 3631 1212 3666 zu

94 3682 219 3735 eridllen.
238 3711 271 3719 -
290 3684 397 3734 diluere
414 3712 446 3720 -
470 3684 629 3750 praecidere
653 3682 745 3735 beides
771 3701 826 3736 ron
853 3682 948 3734 decere
975 3681 1125 3749 abhingig‚
1155 3681 1212 3734 und

92 3757 232 3818 sapientes
249 3749 533 3816 gemeinschaftliches
551 3751 666 3818 subject
684 3768 718 3801 zu
733 3750 824 3803 diesen
836 3749 998 3802 Infinitiven
1018 3751 1074 3801 und
1094 3766 1129 3801 zu
1147 3767 1211 3802 cen-

93 3823 169 3880 sent3
191 3834 240 3869 aus
255 3816 311 3868 Cic.
323 3817 398 3872 Lael.
416 3822 457 3881 21,
476 3822 509 3870 76
527 3817 634 3871 scheint
652 3817 782 3885 iibrigens
799 3818 828 3869 in
847 3817 969 3869 mebrere
981 3816 1137 3872 Hendsehr.
1156 3817 1210 3871 dis-

93 3901 171 3936 suere
193 3884 352 3951 gekommen
376 3900 411 3935 au
433 3884 502 3939 sein.
525 3913 558 3923 -
583 3887 653 3937 bono
676 3887 792 3937 coasilio
811 3884 888 3936 nicht
905 3891 989 3937 etwa:
1007 3884 1036 3937 in
1054 3891 1136 3951 guter
1155 3885 1211 3936 Ab·

92 3951 173 4018 sicbt,
190 3951 309 4004 soudern
328 3951 378 4004 ruit
395 3951 535 4004 reillicber
551 3952 754 4019 Ueberlegung,
773 3951 848 4005 wolrl
865 3952 991 4005 bedacbt.

164 4057 203 4104 ll.
223 4054 327 4121 poerit,
355 4052 472 4105 nimlich
498 4053 521 4105 is
549 4054 596 4122 qui
623 4053 777 4106 imitabitur
801 4055 932 4121 majores,
959 4054 1055 4121 vglc.
1075 4057 1158 4116 29,1,
1178 4078 1212 4089 -

94 4122 169 4173 banc
192 4120 245 4172 den
270 4120 392 4188 jiingern
412 4121 572 4174 Africanus:
597 4137 733 4182 uuseru,
757 4121 792 4173 im
812 4123 969 4188 Gegensatz
991 4138 1025 4173 zu
1044 4120 1103 4172 dem
1121 4118 1210 4170 iltern

93 4187 250 4241 Africanus.
263 4217 296 4226 -
308 4190 356 4241 ille
368 4191 428 4250 rai,
447 4187 503 4255 vgl.
517 4206 539 4240 c.
561 4193 603 4254 18,
622 4194 645 4242 9.
664 4219 697 4229 -
715 4190 804 4255 iqitar
822 4189 918 4242 nimmt
935 4190 987 4241 deu
1005 4187 1170 4239 Vordersatz
1189 4185 1212 4238 si

95 4264 196 4308 natura
215 4273 269 4307 non
289 4256 358 4309 leret
376 4256 475 4308 wieder
493 4257 555 4321 auf3
575 4256 630 4323 vgl.
650 4257 701 4318 ΙΙΙ,
720 4262 783 4322 4,1.
804 4262 843 4319 10,
864 4261 904 4313 18.
923 4287 954 4296 —
976 4256 1145 4320 defensitare
1167 4270 1210 4320 ge-
