2826 4748
493 281 564 327 arn.
587 282 610 328 1.
648 280 723 329 oar.
740 282 842 328 xxm.
1195 267 1238 331 45

122 424 201 485 Sunt
222 423 315 499 igitur
342 420 520 482 domesticae
548 420 738 481 fortitudines
766 438 825 481 non
854 420 1010 482 inferiores
1041 420 1233 483 militaribus:
1256 440 1288 488 15

124 510 156 569 in
178 505 288 586 quihus
309 504 377 585 plus
400 507 503 584 etiam,
539 523 627 584 quarn
654 507 684 565 in
712 501 775 573 his,
810 522 918 584 operae
946 506 1094 586 studiique
1123 525 1237 587 ponen-

125 593 199 652 dum
221 600 275 651 est.

214 671 263 736 79.
288 674 416 736 Omnino
439 673 512 734 illud
534 674 700 753 honestum,
724 674 801 754 quod
826 693 861 735 ex
877 675 976 735 animo
992 676 1106 736 excelso
1122 678 1288 752 magni-23

125 764 243 840 sicoqne
266 760 445 840 quaerimus,
468 760 558 820 animi
581 758 716 837 efficitur,
739 776 797 818 non
821 761 955 838 corporis
978 758 1101 821 viribus.
1144 760 1236 820 Exer-

124 845 255 907 cendum
271 853 369 904 tamen
386 861 494 923 corpus
515 852 546 904 et
567 845 608 903 ita
624 842 811 903 afficiendum
835 854 892 918 est,
916 853 950 903 nt
972 844 1094 905 obedire
1116 844 1237 906 oonsilio

127 931 294 1008 rationique
310 931 404 1007 possit
417 931 447 987 in
464 927 660 1006 exsequendis
681 929 810 1004 negotiis
837 937 867 987 et
895 930 924 987 in
947 927 1049 989 labore
1072 928 1236 990 tolerando.

125 1015 288 1076 Honestum
312 1021 411 1074 autem
433 1011 478 1081 id,
512 1013 591 1093 quod
622 1013 819 1092 exquirimus,
854 1020 947 1074 totum
977 1024 1021 1074 est
1048 1016 1178 1093 positum
1206 1017 1271 1079 ine

128 1100 219 1161 animi
243 1115 314 1158 eura
338 1106 367 1156 et
389 1099 580 1175 cogitatione:
604 1100 636 1156 in
659 1115 717 1175 quo
740 1114 799 1155 non
822 1101 968 1158 minorem
985 1095 1144 1158 utilitatem
1167 1098 1237 1159 alle-

124 1193 206 1254 runt,
230 1184 279 1263 qui
301 1184 392 1260 togati
414 1183 459 1242 rei
480 1181 616 1261 publicae
636 1191 785 1259 praesunt,
810 1199 896 1259 quam
922 1184 972 1259 qui
988 1181 1097 1243 bellum
1119 1191 1236 1261 gerunt.

126 1269 229 1345 ltaque
252 1285 355 1327 eorum
378 1265 502 1327 oonsilio
517 1285 605 1347 saepe
622 1274 671 1326 aut
687 1283 745 1325 non
761 1276 908 1345 suscepta,
933 1277 983 1328 aut
1005 1268 1139 1329 conlecta
1161 1266 1271 1334 bellan

124 1361 212 1432 sunt,
245 1368 458 1431 nonnunquam
487 1353 574 1411 etiam
597 1349 692 1411 illata:
726 1358 758 1410 ut
779 1350 817 1411 M.
842 1351 959 1413 Catonis
983 1351 1092 1413 bellum
1116 1354 1237 1413 tertium

128 1438 282 1516 Punicum,
305 1439 336 1496 iu
360 1453 418 1513 quo
441 1439 529 1496 etiam
552 1437 663 1496 mortui
685 1433 772 1496 valuit
793 1437 961 1497 auotoritas.
999 1433 1049 1497 80.
1074 1436 1172 1507 Quare
1188 1455 1273 1502 err-4

126 1520 255 1602 petenda
278 1520 396 1600 quidem
413 1522 506 1598 magis
522 1528 567 1580 est
582 1520 763 1580 decernendi
778 1521 862 1598 ratio,
885 1539 974 1598 quam
991 1520 1161 1581 decertandi
1178 1522 1239 1581 lor·

124 1606 236 1668 titudo:
259 1605 311 1666 sed
327 1604 499 1674 cavendum,
523 1623 562 1664 ne
578 1604 605 1664 id
630 1603 758 1665 bellandi
781 1607 873 1682 magis
888 1607 965 1684 luga,
990 1624 1078 1684 quam
1101 1606 1236 1666 utilitatis

125 1693 240 1752 ratione
263 1690 414 1750 laniamus.
457 1689 573 1751 Bellum
596 1699 694 1749 autern
716 1691 757 1750 ita
779 1691 969 1769 suscipiatur,
998 1698 1031 1750 ut
1059 1688 1134 1751 nihil
1157 1689 1236 1751 aliud

127 1777 185 1838 nisi
207 1793 264 1854 pax
286 1775 416 1854 quaesita
438 1775 580 1835 videatur.
624 1775 721 1835 Fortis
748 1792 818 1834 vero
847 1784 876 1833 et
898 1777 1061 1835 constantis
1085 1786 1144 1855 est,
1179 1793 1238 1835 non
1256 1788 1271 1837 5

127 1857 298 1939 perturbari
320 1863 351 1920 in
373 1858 464 1920 rebus
487 1860 615 1935 asperis,
640 1876 695 1918 noo
719 1859 945 1921 tumultuantem
969 1858 1121 1937 degrada
1145 1860 1238 1928 deiioi,

127 1952 160 2006 ut
183 1945 308 2012 dieitur;
337 1943 388 2003 sed
415 1946 565 2023 praesenti
592 1945 690 2004 animo
718 1940 761 2003 uti
794 1942 985 2022 eteonsilio,
1009 1961 1064 2004 neo
1087 1946 1239 2005 aratione

129 2027 291 2090 discedere.
330 2024 379 2089 81.
404 2027 586 2107 Quamquam
609 2028 665 2087 hoo
687 2030 786 2108 animi,
809 2026 882 2088 illud
905 2029 991 2089 etiam
1006 2029 1116 2105 ingenii
1138 2030 1272 2106 magnit

127 2123 182 2183 est,
207 2115 378 2192 praecipere
402 2115 580 2190 cogitatione
602 2113 713 2191 lutura,
738 2120 766 2171 et
786 2111 935 2191 aliquanto
956 2121 1024 2172 ante
1047 2114 1237 2184 constituere,

127 2197 199 2278 qnid
222 2198 357 2259 accidere
379 2199 472 2276 possit
493 2199 524 2257 in
547 2207 702 2277 utramque
724 2205 853 2275 partem,
878 2196 999 2279 etquid
1022 2196 1168 2274 agendum
1192 2198 1238 2274 sit,

128 2301 194 2344 cum
218 2283 289 2361 quid
312 2285 462 2350 arcuerim
486 2300 542 2343 neo
564 2283 759 2351 committere,
783 2281 996 2363 utaliquando
1020 2282 1177 2342 dicendum
1199 2285 1241 2344 sit

129 2385 192 2429 non
210 2375 360 2444 potorum.
390 2365 469 2427 llaec
492 2378 561 2427 sunt
582 2385 673 2446 opera
696 2368 795 2444 magni
818 2368 908 2427 animi
932 2375 960 2427 et
976 2367 1093 2436 excelsi,
1117 2377 1146 2427 et
1167 2386 1239 2447 pru·

128 2532 223 2583 wegeu
242 2514 349 2578 Africa,
377 2533 420 2567 wo
446 2533 476 2567 er
502 2514 545 2567 die
567 2515 709 2568 Marioner
733 2516 867 2582 besiegte3
896 2521 926 2568 71
955 2516 1022 2568 inber
1044 2516 1186 2569 Sertorius
1209 2516 1238 2569 in

125 2583 261 2653 Spumea,
280 2587 310 2636 61
329 2582 397 2634 fiber
414 2582 458 2634 die
476 2583 634 2647 Seerriuben
652 2583 789 2650 Tigranes
809 2583 864 2635 und
875 2583 1049 2636 Mithridaten
1068 2584 1237 2652 triumphirt.

129 2681 163 2690 -
183 2652 341 2719 beneficium
359 2651 400 2702 oft
412 2651 509 2703 Dienst
527 2651 592 2704 oder
604 2650 749 2703 Verdienst
765 2651 916 2703 Jemendes.
930 2681 963 2688 -
975 2653 1023 2704 ubi
1040 2653 1240 2718 triumpharem·

127 2718 179 2772 der
197 2718 366 2771 Relativsatz
384 2719 421 2770 ist
437 2718 485 2770 dns
504 2717 603 2786 Object
621 2735 656 2770 zu
674 2719 782 2786 hebere,
802 2719 854 2770 wie
865 2718 894 2770 in
908 2718 990 2783 misit,
1010 2718 1056 2786 qui
1068 2719 1241 2788 explorarent

128 2804 158 2838 ιι.
176 2786 248 2838 illul.
270 2786 381 2838 Sitzeu.
403 2815 436 2824 -
453 2788 635 2851 fortitudines
657 2804 678 2838 s.
698 2803 720 2839 o.
741 2791 767 2852 6,
786 2792 801 2838 6
824 2786 943 2839 reditus:
968 2786 1027 2837 hier
1049 2786 1170 2840 Beweise
1192 2786 1240 2839 der

125 2852 301 2922 Tnpferkeit,
321 2853 440 2921 muthige
458 2853 576 2906 Thateu.

619 2941 688 2990 Kar.
708 2942 748 2994 23.

198 3028 220 3075 1.
238 3041 272 3076 ex
289 3052 321 3062 -
341 3024 514 3090 nucerinum
537 3023 589 3075 wir
612 3039 709 3089 regen:
732 3022 766 3074 in
790 3030 876 3075 etwas
894 3022 1010 3083 rochem
1033 3021 1090 3089 vgl.
1110 3040 1131 3075 o.
1151 3026 1192 3086 38,
1212 3027 1238 3076 3.

125 3093 172 3144 iia
191 3093 365 3171 qffiof'endnm
388 3099 428 3142 eet
450 3090 479 3143 in
502 3091 563 3142 eine
583 3090 676 3170 solche
691 3090 864 3171 'Stimmunffi
886 3089 997 3142 solchen
1020 3090 1107 3142 Stand
1130 3099 1238 3154 setzen;

125 3157 1241 3294 ttif1¹3⁰lt¹¹1t¹ilaitft25¹¹2t⁰¹ttt⁰¹¹a⁸tlss¹ltf¹³i¹¹mittini&

126 3294 170 3348 M.
191 3295 318 3346 Catonia:
337 3293 375 3346 Es
393 3293 460 3360 geht
478 3294 528 3345 aul
544 3297 627 3346 Cetos
644 3294 811 3346 bekanntes=
839 3294 964 3347 Ceterum
983 3311 1088 3347 censeo.
1107 3296 1241 3347 -etium

132 3360 212 3414 noch.
231 3389 262 3402 -·-
280 3363 396 3424 mortui;
416 3378 445 3413 er
462 3362 538 3414 starb
555 3361 592 3414 im
610 3361 717 3428 Beginn
736 3361 782 3414 des
800 3361 922 3428 Kriegea.

194 3434 221 3483 4.
240 3430 369 3496 quaesito
387 3429 488 3481 mdeste
504 3428 651 3496 cigentlich
670 3429 824 3497 quaesitum
843 3429 964 3494 heirsen3
986 3430 1114 3481 suarum?
1138 3431 1240 3481 tumni-

128 3505 254 3549 tuantem
278 3503 358 3549 unter
381 3512 500 3563 grossern
522 3497 615 3561 Ldrm,
640 3496 778 3549 Geschrei.
796 3526 830 3534 -
849 3500 882 3549 de
905 3499 997 3563 produ
1021 3499 1101 3548 deiioi
1123 3497 1168 3547 ein
1187 3496 1240 3547 den

128 3563 310 3684 Glaplietolren
337 3564 490 3617 entlelrutes
515 3565 592 3629 Bild3
621 3564 679 3616 sich
703 3581 751 3617 aus
774 3565 863 3618 seiner
881 3563 1009 3630 Stellung
1030 3564 1160 3630 bringen,
1178 3581 1239 3615 rer-

127 3641 183 3684 trer
202 3649 234 3684 en
264 3649 350 3684 ausen.

195 3703 220 3752 6.
239 3701 414 3768 Quamquam
432 3700 485 3766 vgl.
511 3717 533 3751 c.
560 3704 585 3764 9,
609 3705 633 3753 7.
653 3729 685 3736 -
704 3701 753 3751 Ιιοο
777 3699 824 3752 das
842 3698 1083 3765 Vorhergehende‚
1102 3700 1174 3751 illud
1191 3698 1240 3751 dus

127 3767 282 3846 Folgende:
305 3766 463 3845 praecipere
481 3784 506 3818 ιι.
525 3784 551 3845 ε,Ι
567 3786 616 3831 w.;
636 3766 690 3834 vgl.
713 3785 735 3818 e.
758 3773 798 3847 ιι,
817 3771 842 3818 6.
862 3770 904 3830 22,
920 3766 958 3819 10.
979 3770 1020 3844 dij,
1033 3770 1058 3820 8.
1077 3795 1110 3804 —
1128 3768 1240 3819 animus

126 3833 328 3971 :pegppssrdpsrt
341 3833 739 3968 (Iepgqlqlesanliassrpseqqopprfetep
758 3834 1067 3968 dsgl.)u;nllrrpeg?dlrldnd¹i’e
1085 3833 1240 3969 ppgebrpqpllp

130 3969 245 4037 Aulege,
254 3970 400 4023 besonders
410 3986 506 4021 unsere
517 3968 779 4024 Verstandeskrttte.
792 4004 824 4014 -
837 3971 996 4038 praecipere
1004 3970 1240 4036 vorwegnelnnen,

125 4037 228 4104 geistig
254 4038 310 4090 also
337 4037 386 4092 das
413 4036 585 4104 Zulrfinftige
610 4036 791 4089 vorherselren
815 4037 1050 4089 undberechnen.
1070 4039 1241 4090 -evenerit

129 4105 211 4173 Conj.
229 4106 302 4158 Peri.
328 4106 366 4158 als
384 4107 449 4159 Fut.
469 4114 603 4159 exactum.
622 4135 653 4142 —
666 4107 830 4157 committere
842 4105 898 4158 sich
911 4123 945 4157 zu
958 4105 1098 4158 Sohuldeu
1117 4106 1240 4157 kommen

131 4172 236 4238 instem
255 4173 401 4292 eifieutlich
420 4172 561 4226 transitiv:
581 4173 715 4239 begehen‚
738 4174 792 4240 vgl.
814 4191 838 4225 c.
856 4177 887 4225 ‘21
908 4190 932 4226 a.
947 4173 980 4226 E.
998 4173 1116 4225 efficere.
1134 4201 1167 4210 —
1184 4190 1241 4224 non

128 4249 264 4308 putaram
300 4258 329 4294 er
347 4241 494 4308 Iudicatur,
513 4241 565 4293 wie
581 4241 624 4293 bei
642 4259 729 4310 posse,
750 4242 846 4294 debere
865 4258 893 4294 u.
911 4260 932 4294 s.
951 4259 986 4294 ιι.
