2826 4748
359 293 502 341 mmm.
549 293 1029 340 cAP.xxvl.xxvl1.xxvl11.
1125 208 1253 341 48149

138 438 228 497 etiam
260 434 287 513 (o
315 431 437 492 stultum
465 431 632 503 hominem,
662 431 768 492 dixerit
789 433 958 530 quispiam
988 439 1017 492 et
1039 384 1253 531 repugnantem

139 519 256 579 utilitati
291 515 402 593 4444444,
439 516 525 576 reddi
559 517 691 595 captivos
722 517 839 614 negavit
865 534 930 576 esse
961 514 1061 577 utiles.
1083 515 1150 576 illos
1173 519 1253 577 enim

139 601 341 663 adolescentes
368 617 433 660 4444
462 607 492 660 44
515 598 609 660 bunos
632 599 732 669 duces,
761 618 793 660 44
814 602 873 660 iam
897 562 1067 662 collectum
1089 609 1253 661 senectute
1385 636 1412 687 r,

139 687 229 749 Cuius
251 703 318 746 cum
344 663 513 767 4444444444
504 670 681 754 auctoritem
710 685 816 763 captivi
839 687 949 745 retenti
972 692 1055 759 sunt,
1092 687 1157 764 ipse
1179 685 1252 745 llar-
1273 699 1339 747 4,-

139 773 290 848 thaginem
315 767 419 829 rediit:
443 786 540 848 neque
556 788 623 829 eum
640 771 749 829 caritas
763 770 877 846 patriae
892 769 1025 838 retinuit,
1049 786 1105 828 nec
1120 756 1290 829 44444444ῐ

141 856 244 932 Neque
267 872 337 914 vero
360 860 422 913 tum
444 852 616 998 4444444444,
626 871 679 1003 444
702 853 738 912 ad
761 853 917 913 crudelissi
908 872 1002 913 ium
1025 852 1142 914 hostem
1165 862 1195 914 et
1219 853 1338 989 44454.
1345 852 1372 938 44

142 940 287 1019 exquisita
322 937 466 1014 supplicia
495 902 657 1014 policisc
693 937 743 997 sed
778 920 912 997 4444444444
895 956 985 999 urim
1020 926 1298 998 conservandumi‘
1339 1002 1345 1013 ,

140 1023 272 1103 putabat.
312 1021 413 1100 ltaque
435 1026 508 1087 tum,
533 1040 599 1082 cum
624 1019 770 1099 vigilando
794 1021 967 1090 necabatur,
992 1029 1056 1082 erat
1078 1023 1109 1081 in
1133 1021 1290 1084 4444444444

143 1126 241 1177 causa,
266 1123 355 1186 quarn
378 1106 403 1163 si
426 1103 506 1165 domi
529 1123 620 1165 senex
640 1107 780 1184 captivus,
805 1107 944 1187 periurus
960 1105 1124 1165 consularis
1139 1123 1257 1165 reman-

142 1194 239 1253 sisset.
287 1187 356 1250 101
389 1192 426 1249 At
452 1189 554 1259 stulte,
583 1191 633 1269 qui
660 1208 721 1249 non
748 1189 836 1250 modo
867 1207 925 1250 non
956 1191 1106 1250 censuerit
1127 1192 1291 1268 captivus'l

142 1275 348 1342 remittendos,
371 1291 474 1333 verum
490 1275 579 1334 etiam
596 1274 779 1334 dissuaserit.
818 1272 972 1343 Quomodo
988 1273 1095 1335 stulte?
1118 1275 1256 1343 etiamne,
1276 1289 1293 1336 4

143 1364 168 1421 44
196 1363 241 1420 444
269 1358 406 1438 publicae
440 1356 646 1418 conducebat?
678 1358 780 1418 Potest
813 1363 928 1435 autem,
962 1358 1041 1437 quod
1075 1359 1181 1419 inutile
1215 1360 1259 1419 444

143 1444 284 1523 publicae
307 1446 363 1517 sit,
380 1441 424 1501 id
454 1443 592 1521 cuiquam
623 1443 680 1501 civi
708 1442 778 1502 utile
808 1443 894 1503 44444
923 1443 1101 1503 Pervertunt
1122 1436 1310 1502 4444444428

145 1548 189 1608 44,
213 1546 289 1607 quae
311 1533 380 1587 sunt
401 1525 595 1586 fundamenta
619 1534 750 1595 naturae,
773 1544 839 1586 oum
863 1525 1019 1587 utilitatem
1043 1526 1080 1585 ab
1103 1525 1260 1586 honestate

146 1616 318 1692 seiungunt.
336 1611 448 1671 Omnes
462 1611 540 1670 enim
557 1612 723 1688 expetimus
738 1610 906 1680 utilitatem,
923 1610 958 1671 ad
975 1627 1101 1688 eamque
1116 1612 1259 1687 rapimur,

144 1714 201 1757 nec
223 1697 323 1758 iacere
347 1694 434 1756 aliter
456 1694 516 1754 ullo
539 1693 627 1754 modo
644 1713 809 1773 possumus.
847 1695 921 1755 Nam
945 1696 1010 1774 quis
1033 1702 1086 1764 est,
1111 1694 1295 1774 quintillae

145 1780 262 1858 lugiati
289 1787 338 1840 aut
367 1779 433 1854 quis
454 1781 565 1857 potius,
594 1779 702 1854 quiea
725 1796 785 1838 nou
808 1778 1023 1840 studiosissime
1046 1779 1261 1858 persequatur?

147 1864 205 1924 Sed
234 1864 303 1944 quia
332 1879 477 1939 nusquam
508 1879 680 1940 possumus,
709 1864 768 1922 nisi
790 1864 821 1921 in
844 1862 941 1932 laude,
966 1863 1083 1930 decore,
1106 1865 1296 1926 honestates

148 1949 231 2009 utilia
254 1948 403 2027 reperire;
430 1955 588 2023 propterea
611 1944 661 2005 illa
684 1949 780 2024 prima
805 1953 834 2006 et
856 1964 971 2006 summa
994 1946 1152 2007 habemus:
1183 1947 1262 2006 utili·

147 2034 213 2094 tatis
235 2049 344 2092 nomen
373 2046 432 2090 nun
461 2038 519 2089 tam
549 2027 756 2108 splendidum,
780 2047 868 2108 quam
892 2029 1091 2090 necessarium
1116 2029 1261 2091 ducimus.

233 2113 303 2176 102.
327 2111 403 2182 Quid
420 2121 463 2174 est
478 2115 581 2191 igitur,
604 2113 712 2173 dixerit
726 2116 805 2193 quiS,
821 2114 851 2173 in
873 2115 956 2174 iure
979 2113 1163 2175 iurando?
1185 2113 1262 2174 Num
1281 2120 1298 2168 4

147 2204 255 2262 iratum
279 2201 420 2260 timemus
442 2199 559 2258 lovem?
587 2199 624 2258 lc
653 2196 709 2259 hoc
738 2196 858 2277 quidem
881 2215 1038 2258 commune
1062 2207 1106 2258 est
1129 2201 1263 2258 omnium

148 2283 405 2364 philosophorum,
430 2301 489 2342 non
513 2299 617 2343 eorum
642 2282 739 2351 modo,
764 2283 813 2361 qui
829 2281 916 2343 deum
939 2281 1015 2343 nihil
1031 2281 1142 2343 hahere
1164 2285 1264 2360 ipsum

216 2471 240 2519 6
259 2464 402 2529 vipilcndo
424 2466 517 2516 necat
554 2464 606 2516 Dis
627 2463 791 2530 Erziihlung
813 2464 850 2516 all
872 2464 919 2516 det
943 2464 1186 2525 Grsusamksitaem
1215 2464 1266 2516 mit

150 2533 238 2586 denen
257 2531 379 2610 Regulus
397 2530 521 2598 4444444444
538 2531 585 2596 444,
606 2531 643 2583 444
659 2530 889 2583 wahrsclieiulich
910 2531 1060 2600 [4444444444
1085 2530 1149 2613 dass
1166 2532 1265 2613 Cicero

150 2601 189 2655 sis
207 2597 364 2663 sulnimmt,
387 2599 424 2650 ist
442 2598 519 2650 nicht
537 2615 572 2650 nu
590 2597 831 2653 4444444444-
851 2601 940 2651 erut
930 2618 1012 2652 an-
1030 2617 1117 2652 ceusu
1140 2599 1169 2651 in
1189 2599 1267 2652 einer

149 2668 227 2735 Lege
252 2665 325 2733 sein,
351 2664 406 2732 vgl.
430 2682 453 2717 c.
472 2670 513 2729 30,
535 2670 567 2728 4,
594 2664 695 2731 undI,
714 2683 736 2718 c.
756 2670 781 2731 7,
800 2665 848 2716 8'
840 2683 869 2717 m
896 2665 964 2718 vitio
988 2683 1105 2718 esse.-
1072 2667 1266 2730 -Quornodo

150 2736 211 2786 Wie
229 2733 331 2787 444-
350 2734 468 2785 etiamne
485 2704 570 2785 444444
588 2732 672 2785 fecit?

642 2869 710 2919 KAP.
731 2871 772 2919 48.

220 2959 244 3006 3.
265 2968 442 3018 4444444444.
461 2968 485 3002 4.
506 2967 531 3003 a.
552 2950 659 3002 nulla'
651 2968 680 3002 m
699 2967 738 3016 re,
758 2950 808 3001 wie
827 2951 916 3002 hic=
930 2951 1000 3003 hac
992 2967 1021 3002 44
1036 2967 1075 3014 re
1094 2950 1203 3002 hinc=
1216 2951 1268 3003 hac

152 3039 184 3074 ex
201 3036 274 3072 reu.
293 3036 371 3072 a.-
337 3021 485 3070 -deoore
501 3035 555 3070 ron
573 3018 666 3083 decus,
684 3017 758 3069 donn
770 3017 853 3070 decor
869 3018 907 3071 ist
924 3036 960 3070 zu
974 3017 1096 3070 Ciceros
1114 3017 1179 3071 Zeit
1198 3018 1267 3071 noch

153 3086 465 3208 ttltltaltt
441 3152 479 3218 11,
483 3092 525 3204 ¹⁴0²
539 3057 814 3212 t⁰l⁶lt¹nll⁰ti
814 3085 1270 3221 ‚‘lftltlltttliltttt’nt

154 3223 214 3276 cic.
226 3220 260 3272 ds
273 3220 321 3272 fin.
334 3220 371 3284 Il,
384 3224 418 3272 24
429 3237 463 3271 ex
476 3236 567 3272 amore
581 3237 678 3271 nomen
692 3219 828 3272 amicitiae
837 3218 949 3273 ductum
962 3228 1059 3277 444,-
1027 3222 1270 3281 —necessorr'um;

153 3290 201 3342 das
214 3285 913 3353 Wortbezeichustuichtsowoleinemundemus,
931 3288 1132 3353 ehrsnwerths,
1151 3288 1190 3340 als
1209 3287 1270 3339 eine

154 3354 692 3422 4444444444444444444444444444(4444444444
706 3355 732 3407 d.
746 3354 1132 3425 h.GrundsatsPrmc1pdes
1145 3354 1271 3408 mensch·

155 3425 245 3476 lichen
263 3422 368 3474 Lebens
388 3422 578 3484 (fundamenta
596 3426 760 3504 paturso§.
783 3427 816 3483 1).

222 3490 342 3554 4944444
365 3498 406 3541 444
428 3492 517 3554 44444444
539 3491 569 3541 444
591 3490 655 3541 s'ure
676 3490 753 3542 ium?
776 3490 830 3543 Mit
844 3489 941 3542 dieser
965 3489 1145 3556 allgemeinsn
1166 3489 1270 3555 Fruges

155 3559 221 3612 Was
248 3555 302 3622 44444
304 3563 316 3608 4
340 3555 412 3608 deun
436 3557 523 3608 firr'
500 3574 544 3609 4444
563 3556 721 3610 Gewicht
713 3572 748 3608 4444
766 3555 859 3610 Etdst
886 3574 942 3608 was
966 3557 1004 3608 ist
1020 3556 1092 3607 denn
1111 3555 1221 3608 4444444
1239 3583 1271 3594 -

155 3654 187 3666 -
206 3624 284 3679 filare
268 3573 359 3676 egCic.
378 3623 422 3674 die
439 3623 583 3676 Einwurfs
606 3623 662 3676 und
680 3624 801 3678 Beweise
823 3624 873 3676 der
891 3625 1003 3689 Gegner
1020 3622 1079 3675 ein:
1110 3627 1135 3688 1)
1160 3622 1272 3691 Jupiter

155 3691 273 3745 braucht
292 3707 354 3743 man
366 3689 436 3742 doclr
451 3691 527 3742 nicht
540 3708 574 3742 zu
587 3691 737 3743 4444444444
756 3696 780 3754 §.
793 3697 819 3745 4.
834 3695 865 3753 5·
885 3695 912 3755 2)
925 3690 969 3742 die
981 3690 1126 3758 turpitudo
1139 3642 1273 3742 braupchts

156 3760 224 3826 Reg.
242 3758 323 3810 eben·
327 3775 357 3810 so
377 3757 467 3824 wenig
489 3774 524 3809 zu
550 3757 692 3820 4444444444,
712 3762 736 3821 §
754 3765 815 3811 644.
836 3763 866 3823 ⁷3
889 3759 918 3824 3)
938 3757 982 3809 die
1000 3757 1137 3817 honestas,
1156 3757 1201 3810 die
1218 3757 1272 3810 den

156 3825 279 3894 Regulus
290 3826 413 3906 'bswog,
437 3842 495 3878 war
515 3825 588 3877 bloss
610 3826 671 3879 siue
693 3797 866 3886 scheinbare,
886 3829 910 3890 s
929 3830 959 3889 83
987 3829 1015 3888 4)
1034 3841 1142 3892 grossos
1159 3825 1273 3877 Nutasn

156 3894 249 3948 44444444
273 3892 333 3945 eine
351 3892 504 3960 Handlung
526 3891 658 3945 ebensalls
681 3892 867 3956 shrenwerth,
891 3897 914 3955 4.
932 3898 957 3946 9.
992 3893 1102 3946 Dareus
1121 3899 1274 3946 4444444444

157 3962 270 4027 (1444444
289 3960 425 4023 aufl)c.
443 3965 487 4024 99,
500 3965 583 4023 1—93
603 3962 674 4022 444.
690 3964 733 4024 29,
746 3965 823 4014 10-
836 3966 957 4025 4.36,5;
977 3964 1044 4025 345.
1058 3965 1140 4024 6-9;
1158 3961 1227 4026 4)§.
1242 3963 1274 4011 10

159 4047 186 4081 u.
206 4034 296 4084 11-
315 4029 365 4080 lroe
391 4028 457 4094 geht
479 4027 530 4079 aui
553 4027 596 4078 die
619 4026 821 4080 Schlussworte
847 4026 893 4080 des
918 4029 1029 4080 Satzes.
1057 4044 1197 4096 nunquam
1224 4043 1274 4078 nec

157 4095 241 4149 irasci
258 4095 347 4161 deum,
366 4111 416 4147 nec
435 4112 594 4151 nocere·
612 4112 753 4147 commune
764 4096 825 4146 eine
837 4094 1108 4176 gemeinschaftlichs
1121 4094 1273 4158 Annahme,

157 4162 262 4225 Lshre;
280 4162 335 4229 vgl.
352 4162 375 4224 Ι,
394 4179 418 4216 c.
438 4167 480 4227 16,
498 4160 1276 4232 844.14,4.-4444444444444ς(4444444444444444444444,

158 4230 204 4283 dis
216 4229 344 4282 Gotthsit
356 4205 422 4282 44444
435 4230 525 4282 4444444
538 4228 594 4282 und
612 4201 750 4299 4444444444
768 4230 825 4283 sicli
845 4246 887 4282 um
907 4229 950 4282 dis
963 4229 1111 4283 Menschsn
1130 4245 1182 4296 gar
1200 4198 1277 4280 nicht,

1017 4312 1073 4365 12*
