2826 4748
196 313 238 379 94
642 330 690 378 nn
714 329 864 380 orrrorrs

196 468 311 539 stantia,
336 476 385 530 aut
406 485 467 548 spe,
491 467 547 528 sibi
569 469 600 529 id
622 468 695 529 utile
717 470 861 538 futurum,
885 475 936 531 aut
957 478 1053 540 metu,
1085 488 1123 530 ne
1153 470 1179 529 vi
1201 487 1312 548 parere

196 561 349 632 cogantur,
374 562 424 614 aut
445 571 499 632 spe
521 553 688 630 largitionis
709 555 921 634 promissisque
945 557 1040 634 capti;
1070 561 1121 615 aut
1147 561 1311 634 postremo,

196 646 228 699 ut
250 656 338 717 saepe
359 639 391 698 in
413 646 515 698 nostra
537 655 570 697 re
593 636 711 718 publica
734 639 877 715 videmus
900 639 1039 700 mercede
1061 640 1212 700 conducti.

161 722 178 786 7
280 719 333 784 23.
358 723 496 784 Omnium
513 732 611 784 autem
627 741 729 784 rerum
748 742 803 784 nec
820 725 917 802 aptius
932 731 977 785 est
1000 725 1159 805 quicquam
1183 724 1219 785 ad
1242 740 1313 800 opes

196 806 320 868 tuendas
352 826 386 867 ae
418 809 564 869 tenendas
600 825 688 886 quam
718 806 813 886 diligi,
844 827 900 869 nec
930 807 1056 870 alienius
1083 827 1173 888 quam
1201 810 1310 869 timeri.

162 906 177 954 2
195 890 352 953 Praeclare
376 893 455 952 enim
477 892 604 953 Ennius:

324 976 415 1048 Quem
437 984 579 1052 metuunt,
605 977 752 1038 ode'rtmt:
773 994 859 1052 quem
880 981 1003 1054 quisque
1019 979 1089 1048 odit,
1108 980 1237 1054 periisse
1259 977 1309 1038 ebc-

795 1065 883 1139 petit.

161 1144 355 1208 aMultorum
384 1154 481 1206 autem
504 1146 579 1206 odiis
602 1145 699 1206 nullas
722 1163 793 1226 opes
816 1164 904 1226 posse
927 1146 1083 1219 obsistere,
1100 1151 1127 1207 si
1150 1155 1236 1206 antea
1258 1147 1315 1207 luit

160 1233 345 1308 tignotum,
369 1248 466 1308 nuper
489 1237 533 1292 est
556 1232 719 1308 cognitum.
765 1231 826 1292 Nec
848 1250 918 1292 vero
947 1233 1038 1293 huius
1065 1233 1185 1312 tyranni
1207 1230 1312 1300 solum,

194 1333 283 1394 quem
318 1317 409 1375 armis
442 1333 583 1394 oppressa
615 1314 739 1394 pertulit
778 1317 896 1387 civitas,
938 1326 1082 1396 paretque
1116 1319 1313 1377 cummaxime

195 1405 328 1471 mortuo,
357 1400 496 1460 interitus
525 1398 667 1470 declarat,
691 1408 833 1480 quantum
858 1402 960 1462 odium
982 1402 1137 1462 hominum
1161 1400 1254 1462 valeat
1276 1399 1313 1459 ad

194 1491 324 1562 pestem3
348 1483 401 1544 sed
416 1484 601 1565 reliquorum
618 1483 729 1546 similes
745 1487 841 1546 exitus
859 1495 1062 1565 tyrannorum,
1087 1503 1213 1563 quorum
1234 1485 1314 1545 haud

161 1568 259 1632 tlere
282 1569 440 1648 quisquam
470 1571 559 1630 talem
588 1570 740 1631 interitum
771 1570 880 1649 elingit.
926 1572 1020 1632 Malus
1042 1574 1123 1631 enim
1148 1579 1193 1631 est
1215 1577 1314 1631 custos

195 1654 400 1714 diuturnitatis
429 1661 541 1724 metus,
574 1662 737 1732 contraque
765 1653 966 1715 benivolentia
996 1654 1092 1716 fidelis
1116 1653 1161 1714 vel
1185 1654 1222 1714 ad
1244 1670 1314 1732 per-

161 1740 377 1817 opetuitatem.
422 1733 473 1797 24.
498 1739 555 1798 Sed
579 1739 624 1808 iis,
648 1740 699 1818 qui
720 1740 748 1797 vi
771 1756 931 1820 oppressos
952 1741 1079 1818 imperio
1103 1744 1253 1807 coercent,
1276 1739 1314 1798 sit

195 1840 267 1882 sane
295 1821 462 1882 adhibenda
492 1823 629 1891 saevitia,
655 1830 688 1882 ut
719 1821 799 1883 heris
827 1825 859 1884 in
888 1823 1026 1895 famulos,
1060 1826 1085 1884 si
1108 1824 1195 1884 aliter
1216 1823 1315 1883 teneri

162 1923 256 1971 tnon
283 1915 417 1986 possunt.
462 1906 519 1978 Qui
544 1925 614 1968 vero
642 1909 674 1968 in
701 1906 794 1968 libera
823 1909 940 1969 civitate
966 1910 1007 1969 ita
1037 1927 1069 1969 se
1092 1911 1257 1975 instruunt,
1281 1915 1315 1967 ut

161 2005 177 2054 8
195 1998 381 2063 metuantur,
405 1991 451 2052 his
473 1990 547 2052 nihil
569 2000 667 2069 potest
689 2011 754 2053 esse
777 1992 952 2058 dementius.
996 1993 1137 2065 Quamvis
1160 1995 1239 2053 enim
1255 1994 1315 2053 sint

194 2076 348 2137 demersae
364 2076 445 2155 leges
461 2076 584 2138 alicuius
599 2077 713 2156 opibus,
739 2081 872 2155 quamvis
889 2078 1036 2139 timefacta
1052 2078 1191 2146 libertas;
1215 2095 1312 2138 emer-

195 2169 269 2239 gunt
290 2167 390 2222 tamen
411 2162 486 2223 haec
508 2161 664 2242 aliquando
694 2170 744 2223 aut
772 2162 891 2224 iudiciis
912 2165 1026 2233 tacitis,
1056 2172 1107 2223 aut
1129 2161 1253 2223 occultis
1276 2160 1314 2221 de

160 2262 176 2309 9
194 2246 309 2307 honore
331 2246 491 2324 suffragiis.
529 2249 668 2308 Acriores
683 2253 781 2307 autern
799 2265 916 2308 morsus
933 2255 1002 2307 sunt
1016 2247 1204 2308 intermissae
1221 2245 1312 2306 liher-

144 2346 175 2395 10
192 2332 276 2401 tatis,
312 2350 400 2410 quam
428 2339 573 2392 retentae.
619 2330 704 2401 Quod
732 2333 822 2408 igitur
850 2330 994 2393 latissime
1022 2340 1119 2410 patet,
1150 2348 1245 2410 neque
1275 2329 1312 2389 ad

194 2518 218 2567 1.
237 2517 277 2577 10,
294 2517 310 2564 4
328 2529 356 2565 ιι.
376 2512 400 2564 ὃ.
419 2541 453 2550 -
470 2515 501 2564 in
519 2519 632 2573 nostrum
655 2512 685 2564 in
709 2529 819 2565 unserrn
840 2511 964 2580 jetrigen
988 2514 1096 2580 Staate,
1125 2530 1169 2566 wu
1194 2511 1313 2564 naimlich

194 2579 331 2633 Antonius
349 2580 442 2645 sowol,
461 2580 500 2632 als
514 2579 652 2633 Octavian
668 2578 712 2632 die
724 2580 858 2650 Truppen
871 2581 985 2635 Caesare
997 2580 1085 2634 durch
1103 2580 1174 2633 Geld
1191 2580 1237 2632 fur
1254 2579 1313 2632 sich

193 2665 356 2715 gewannen.

219 2729 229 2747 ‘
696 2720 766 2768 Kar.
786 2721 809 2770 7.

263 2806 286 2853 1.
309 2801 394 2865 Quem
413 2807 548 2864 metuunt,
568 2800 613 2852 ein
632 2799 819 2854 trochiischer
830 2801 1004 2854 Tetrameter
1022 2800 1073 2854 mit
1085 2801 1192 2853 halbem
1205 2799 1312 2852 letzten

193 2869 280 2921 Fusae
304 2867 520 2934 (katalektisch).
539 2897 572 2906 -
590 2887 681 2937 nuper
704 2878 745 2921 eet
766 2871 919 2936 cognitum,
939 2868 1025 2921 durch
1044 2869 1096 2921 den
1108 2868 1168 2920 Tod
1182 2867 1312 2933 Caesare,

193 2936 242 2989 der
260 2953 344 3002 ewar,
362 2935 415 2988 wie
427 2936 524 2988 Cicero
541 2939 568 3000 s.
583 2941 614 2990 16
633 2940 659 3002 (a
677 2936 783 3005 paucis)
801 2935 886 2989 eelbst
903 2935 1020 3003 gesteht,
1039 2937 1204 3003 heineswegs
1223 2933 1313 2987 durch

193 3004 246 3057 den
264 3004 335 3058 Hass
354 3003 404 3061 des,
418 3003 520 3056 Volkee
539 3003 719 3070 (multorum),
737 3005 856 3057 sondern
876 3021 930 3057 nur
947 3004 995 3056 der
1013 3004 1174 3073 Optimaten
1192 3002 1312 3070 gelallen

194 3089 264 3133 wara
284 3072 349 3124 aber
361 3071 457 3124 Cicero
469 3071 542 3123 sieht
555 3071 598 3123 die
610 3072 699 3124 Sache
716 3090 771 3126 von
789 3072 888 3125 seluern
900 3071 1183 3141 Parteistandpunkte
1196 3087 1244 3123 aua
1258 3087 1311 3135 an3

193 3139 247 3206 vgl,
267 3139 334 3191 tiber
351 3139 396 3191 die
415 3139 558 3192 Gracchen
579 3140 659 3195 Anm.
680 3157 715 3192 zu
734 3140 759 3206 1,
777 3145 817 3201 22,
837 3145 860 3193 9.

261 3212 286 3259 4.
303 3208 491 3272 cummaxime,
509 3206 564 3274 vgl.
583 3207 605 3272 I,
625 3212 664 3269 ta,
685 3211 731 3271 11;
750 3231 784 3251 =
797 3225 871 3260 nunc
887 3207 985 3288 ipsum.
999 3235 1032 3245 -—
1049 3214 1169 3273 mortuo,
1186 3205 1309 3258 insofern

193 3275 243 3327 der
260 3276 350 3327 Senot
366 3274 536 3326 beschlossen
555 3275 643 3341 hatte,
660 3275 704 3327 die
723 3282 785 3328 acta
797 3276 924 3328 caesana
941 3274 966 3326 d.
987 3274 1013 3327 h.
1034 3274 1086 3328 alle
1104 3274 1180 3327 scine
1200 3272 1311 3325 Anord-

195 3342 930 3479 ¹¹¹¹“tf”tlttttlttantula?lutet-tt
946 3340 1313 3489 litlttlttalhtttle

193 3478 235 3531 bie
254 3495 315 3530 zum
333 3477 421 3534 Ende.
440 3506 472 3514 -
491 3480 580 3530 teneri
592 3503 625 3522 =
638 3478 784 3531 contineri.
797 3508 829 3517 —
848 3497 876 3531 ae
894 3480 1053 3544 instruunt,
1071 3476 1124 3529 wie
1142 3493 1194 3528 wrr
1212 3492 1311 3543 sagena

194 3545 254 3598 sich
277 3546 387 3611 eristen,
410 3545 527 3598 mimlich
552 3547 602 3598 wie
627 3563 661 3598 au
684 3547 771 3599 einem
791 3546 921 3615 Kampfe,
945 3545 999 3612 vgl.
1023 3562 1045 3598 c.
1068 3550 1109 3610 10,
1127 3549 1153 3598 9.
1172 3572 1206 3583 -
1223 3545 1311 3605 nteit,-

193 3613 242 3667 das
260 3614 360 3668 Neutr.
388 3614 425 3666 ist
450 3614 480 3665 in
507 3613 614 3666 solcher
631 3614 813 3733 Verbiudung
839 3632 894 3666 von
912 3613 1052 3666 Personen
1078 3618 1175 3679 gesegt
1202 3611 1307 3678 hinfig3

194 3682 248 3748 vgl.
266 3682 317 3743 ΠΙ,
338 3687 379 3745 19,
398 3688 422 3736 3.
442 3682 498 3738 cte.
516 3682 600 3735 Tusc.
618 3682 640 3746 Ι,
659 3688 686 3748 2,
703 3686 719 3736 5
738 3682 796 3734 nihi
824 3681 963 3735 illustrius
981 3680 1187 3734 mathematicis.

261 3754 285 3806 8.
305 3751 439 3815 Quamvis
456 3774 489 3794 =
508 3750 697 3818 quantumvis:
721 3750 774 3817 vgl.
792 3750 813 3811 Ι,
832 3755 875 3816 30,
893 3755 909 3802 3
928 3749 985 3801 und
1004 3753 1044 3802 15.
1064 3779 1096 3787 —-
1120 3751 1234 3800 libertos
1252 3747 1312 3798 hier

195 3815 251 3868 und
270 3817 360 3884 gleich
380 3817 501 3871 nachher
519 3818 753 3883 Freilreitssinn,
770 3817 815 3870 die
831 3817 899 3870 freie
917 3817 1231 3936 Meinungsliusserung3
1255 3815 1311 3880 vgl.

193 3884 216 3950 I,
234 3889 277 3950 43,
296 3891 312 3937 3
336 3887 525 3939 communitas.
548 3916 582 3924 -
607 3888 688 3953 leaeo,
711 3887 783 3954 leges
802 3893 831 3938 et
854 3886 981 3949 libertas3
1005 3902 1060 3952 vg.
1079 3886 1101 3950 I,
1119 3888 1160 3948 25,
1180 3889 1195 3936 5
1214 3900 1255 3935 ee.
1276 3911 1310 3920 -

194 3952 308 4005 iudiciis
327 3961 380 4005 tac.
398 3954 483 4007 durch
502 3954 703 4022 Handlungen,
723 3954 826 4006 welche
849 3955 921 4007 ohne
938 3954 1035 4006 Worte
1057 3953 1101 4005 ein
1118 3949 1228 4005 Urthcil
1247 3966 1311 4001 aus-

193 4020 341 4089 sprechen‚
366 4038 390 4072 z.
410 4022 441 4075 B.
462 4040 545 4075 wenn
569 4023 612 4075 die
629 4022 751 4075 Reichen
769 4023 835 4074 oder
853 4022 1051 4089 Angesehenen
1074 4019 1132 4073 siah
1150 4017 1310 4085 verborgen,

195 4089 385 4145 auswandern.
404 4092 559 4142 occultis-
572 4095 652 4157 suffr.
665 4091 752 4144 durch
764 4091 916 4144 versteckte
926 4089 1118 4155 Abstirnmung
1129 4087 1174 4139 fur
1184 4086 1313 4151 manner,
1335 4109 1339 4119 =

194 4156 296 4210 welche
309 4156 413 4210 Feinde
425 4157 473 4210 der
484 4158 638 4226 Tyrannen
656 4159 728 4224 sind,
740 4177 764 4215 z,
777 4159 811 4212 Β.
831 4159 945 4212 Sueton.
959 4157 1035 4210 Caes.
1051 4174 1073 4208 c.
1086 4160 1127 4209 80.
1142 4184 1175 4193 -
1188 4162 1312 4206 retentae

194 4248 228 4267 =
239 4231 378 4291 servatae;
401 4243 480 4278 wenn
497 4225 541 4277 die
553 4225 703 4278 Menschen
722 4226 780 4278 ihre
797 4226 922 4278 Freiheit
942 4224 1115 4293 behaupten,
1137 4221 1311 4290 gebrauehen

194 4291 233 4345 sie
251 4292 367 4346 dieselbe
386 4295 435 4346 mit
453 4293 576 4361 weniger
588 4294 702 4348 Schdrfe
719 4310 805 4361 gegen
820 4294 882 4362 den,
900 4294 948 4346 der
960 4293 999 4345 sie
1011 4291 1161 4360 gelihrdet,
1178 4290 1217 4344 als
1228 4306 1312 4343 wenn
