<?xml version="1.0" encoding="UTF-8"?>
<!DOCTYPE html PUBLIC "-//W3C//DTD XHTML 1.0 Transitional//EN"
    "http://www.w3.org/TR/xhtml1/DTD/xhtml1-transitional.dtd">
<html xmlns="http://www.w3.org/1999/xhtml" xml:lang="en" lang="en">
 <head>
  <title>
</title>
<meta http-equiv="Content-Type" content="text/html;charset=utf-8" />
  <meta name='ocr-system' content='tesseract 3.04.00' />
  <meta name='ocr-capabilities' content='ocr_page ocr_carea ocr_par ocr_line ocrx_word'/>
</head>
<body>
  <div class='ocr_page' id='page_1' title='image "./deofficiislibri03cicegoog_0123.png"; bbox 0 0 2826 4748; ppageno 0'>
   <div class='ocr_carea' id='block_1_1' title="bbox 204 270 866 335">
    <p class='ocr_par' dir='ltr' id='par_1_1' title="bbox 204 270 866 335">
     <span class='ocr_line' id='line_1_1' title="bbox 204 270 866 335; baseline 0.005 -3"><span class='ocrx_word' id='word_1_1' title='bbox 204 270 266 333; x_wconf 88' lang='lat'>114</span> <span class='ocrx_word' id='word_1_2' title='bbox 647 287 693 333; x_wconf 85' lang='lat' dir='ltr'>oa</span> <span class='ocrx_word' id='word_1_3' title='bbox 717 286 866 335; x_wconf 80' lang='lat' dir='ltr'>osricus</span> 
     </span>
    </p>
   </div>
   <div class='ocr_carea' id='block_1_2' title="bbox 150 423 1318 2264">
    <p class='ocr_par' dir='ltr' id='par_1_2' title="bbox 150 423 1318 2264">
     <span class='ocr_line' id='line_1_2' title="bbox 170 423 1317 507; baseline 0 -19"><span class='ocrx_word' id='word_1_4' title='bbox 170 425 308 494; x_wconf 72' lang='lat' dir='ltr'>abatur,</span> <span class='ocrx_word' id='word_1_5' title='bbox 338 443 441 485; x_wconf 90' lang='lat' dir='ltr'>omnes</span> <span class='ocrx_word' id='word_1_6' title='bbox 464 426 494 486; x_wconf 87' lang='lat' dir='ltr'>P.</span> <span class='ocrx_word' id='word_1_7' title='bbox 521 423 614 486; x_wconf 80' lang='lat' dir='ltr'>Clodii</span> <span class='ocrx_word' id='word_1_8' title='bbox 642 433 765 487; x_wconf 91' lang='lat' dir='ltr'>conatus</span> <span class='ocrx_word' id='word_1_9' title='bbox 787 428 962 505; x_wconf 85' lang='lat' dir='ltr'>furoresque</span> <span class='ocrx_word' id='word_1_10' title='bbox 991 429 1175 507; x_wconf 81' lang='lat' dir='ltr'>compressit.</span> <span class='ocrx_word' id='word_1_11' title='bbox 1222 428 1317 488; x_wconf 86' lang='lat' dir='ltr'>Causa</span> 
     </span>
     <span class='ocr_line' id='line_1_3' title="bbox 203 509 1318 588; baseline 0.002 -18"><span class='ocrx_word' id='word_1_12' title='bbox 203 512 295 588; x_wconf 91' lang='lat' dir='ltr'>igitur</span> <span class='ocrx_word' id='word_1_13' title='bbox 317 509 482 588; x_wconf 81' lang='lat' dir='ltr'>largitionis</span> <span class='ocrx_word' id='word_1_14' title='bbox 505 518 558 578; x_wconf 92' lang='lat' dir='ltr'>est,</span> <span class='ocrx_word' id='word_1_15' title='bbox 580 513 605 570; x_wconf 92' lang='lat' dir='ltr'>si</span> <span class='ocrx_word' id='word_1_16' title='bbox 629 518 679 570; x_wconf 93' lang='lat' dir='ltr'>aut</span> <span class='ocrx_word' id='word_1_17' title='bbox 695 528 817 571; x_wconf 89' lang='lat' dir='ltr'>necesse</span> <span class='ocrx_word' id='word_1_18' title='bbox 834 519 887 580; x_wconf 91' lang='lat' dir='ltr'>est,</span> <span class='ocrx_word' id='word_1_19' title='bbox 912 519 962 570; x_wconf 87' lang='lat' dir='ltr'>aut</span> <span class='ocrx_word' id='word_1_20' title='bbox 984 511 1070 572; x_wconf 89' lang='lat' dir='ltr'>utile:</span> <span class='ocrx_word' id='word_1_21' title='bbox 1094 514 1123 572; x_wconf 93' lang='lat' dir='ltr'>in</span> <span class='ocrx_word' id='word_1_22' title='bbox 1145 512 1194 573; x_wconf 91' lang='lat' dir='ltr'>his</span> <span class='ocrx_word' id='word_1_23' title='bbox 1216 522 1318 574; x_wconf 88' lang='lat' dir='ltr'>autem</span> 
     </span>
     <span class='ocr_line' id='line_1_4' title="bbox 169 593 1318 676; baseline -0.001 -17"><span class='ocrx_word' id='word_1_24' title='bbox 169 610 186 659; x_wconf 82' lang='grc'>6</span> <span class='ocrx_word' id='word_1_25' title='bbox 204 596 276 673; x_wconf 92' lang='lat' dir='ltr'>ipsis</span> <span class='ocrx_word' id='word_1_26' title='bbox 298 594 512 655; x_wconf 81' lang='lat' dir='ltr'>mediocritatis</span> <span class='ocrx_word' id='word_1_27' title='bbox 534 593 637 672; x_wconf 91' lang='lat' dir='ltr'>regula</span> <span class='ocrx_word' id='word_1_28' title='bbox 653 598 764 674; x_wconf 90' lang='lat' dir='ltr'>optima</span> <span class='ocrx_word' id='word_1_29' title='bbox 780 603 832 656; x_wconf 89' lang='lat' dir='ltr'>est.</span> <span class='ocrx_word' id='word_1_30' title='bbox 868 595 900 655; x_wconf 90' lang='lat' dir='ltr'>L.</span> <span class='ocrx_word' id='word_1_31' title='bbox 919 596 1036 674; x_wconf 85' lang='lat' dir='ltr'>quidem</span> <span class='ocrx_word' id='word_1_32' title='bbox 1054 597 1207 676; x_wconf 88' lang='lat' dir='ltr'>Philippus</span> <span class='ocrx_word' id='word_1_33' title='bbox 1231 597 1263 668; x_wconf 84' lang='grc' dir='ltr'>Ο.</span> <span class='ocrx_word' id='word_1_34' title='bbox 1283 599 1318 658; x_wconf 83' lang='lat' dir='ltr'>F.</span> 
     </span>
     <span class='ocr_line' id='line_1_5' title="bbox 203 679 1316 759; baseline 0.002 -19"><span class='ocrx_word' id='word_1_35' title='bbox 203 697 310 756; x_wconf 89' lang='lat' dir='ltr'>magno</span> <span class='ocrx_word' id='word_1_36' title='bbox 333 681 377 739; x_wconf 90' lang='lat' dir='ltr'>vir</span> <span class='ocrx_word' id='word_1_37' title='bbox 400 680 519 756; x_wconf 91' lang='lat' dir='ltr'>ingenio</span> <span class='ocrx_word' id='word_1_38' title='bbox 541 681 572 739; x_wconf 93' lang='lat' dir='ltr'>in</span> <span class='ocrx_word' id='word_1_39' title='bbox 592 682 755 759; x_wconf 80' lang='lat' dir='ltr'>primisque</span> <span class='ocrx_word' id='word_1_40' title='bbox 776 680 884 749; x_wconf 88' lang='lat' dir='ltr'>clarus,</span> <span class='ocrx_word' id='word_1_41' title='bbox 908 679 1030 758; x_wconf 89' lang='lat' dir='ltr'>gloriari</span> <span class='ocrx_word' id='word_1_42' title='bbox 1052 680 1174 749; x_wconf 82' lang='lat' dir='ltr'>solebat,</span> <span class='ocrx_word' id='word_1_43' title='bbox 1198 699 1230 739; x_wconf 91' lang='lat' dir='ltr'>se</span> <span class='ocrx_word' id='word_1_44' title='bbox 1252 683 1316 742; x_wconf 91' lang='lat' dir='ltr'>sine</span> 
     </span>
     <span class='ocr_line' id='line_1_6' title="bbox 203 763 1313 846; baseline 0.002 -21"><span class='ocrx_word' id='word_1_45' title='bbox 203 764 263 825; x_wconf 93' lang='lat' dir='ltr'>ullo</span> <span class='ocrx_word' id='word_1_46' title='bbox 286 780 411 823; x_wconf 88' lang='lat' dir='ltr'>munere</span> <span class='ocrx_word' id='word_1_47' title='bbox 434 763 573 842; x_wconf 85' lang='lat' dir='ltr'>adeptum</span> <span class='ocrx_word' id='word_1_48' title='bbox 597 783 661 824; x_wconf 90' lang='lat' dir='ltr'>esse</span> <span class='ocrx_word' id='word_1_49' title='bbox 684 767 796 834; x_wconf 91' lang='lat' dir='ltr'>omnia,</span> <span class='ocrx_word' id='word_1_50' title='bbox 820 784 895 845; x_wconf 88' lang='lat' dir='ltr'>quae</span> <span class='ocrx_word' id='word_1_51' title='bbox 917 765 1098 826; x_wconf 89' lang='lat' dir='ltr'>haberentur</span> <span class='ocrx_word' id='word_1_52' title='bbox 1120 767 1313 846; x_wconf 87' lang='lat' dir='ltr'>amplissima.</span> 
     </span>
     <span class='ocr_line' id='line_1_7' title="bbox 169 847 1316 930; baseline 0 -19"><span class='ocrx_word' id='word_1_53' title='bbox 169 847 327 911; x_wconf 72' lang='lat' dir='ltr'>illicebat</span> <span class='ocrx_word' id='word_1_54' title='bbox 348 847 427 909; x_wconf 90' lang='lat' dir='ltr'>idem</span> <span class='ocrx_word' id='word_1_55' title='bbox 450 847 549 918; x_wconf 83' lang='lat' dir='ltr'>Cotta,</span> <span class='ocrx_word' id='word_1_56' title='bbox 573 850 671 910; x_wconf 85' lang='lat' dir='ltr'>Curio.</span> <span class='ocrx_word' id='word_1_57' title='bbox 709 848 801 910; x_wconf 91' lang='lat' dir='ltr'>Nobis</span> <span class='ocrx_word' id='word_1_58' title='bbox 823 868 940 929; x_wconf 85' lang='lat' dir='ltr'>quoque</span> <span class='ocrx_word' id='word_1_59' title='bbox 962 850 1032 911; x_wconf 88' lang='lat' dir='ltr'>licet</span> <span class='ocrx_word' id='word_1_60' title='bbox 1054 853 1084 910; x_wconf 91' lang='lat' dir='ltr'>in</span> <span class='ocrx_word' id='word_1_61' title='bbox 1107 851 1164 910; x_wconf 89' lang='lat' dir='ltr'>hoe</span> <span class='ocrx_word' id='word_1_62' title='bbox 1187 851 1316 930; x_wconf 89' lang='lat' dir='ltr'>quodam</span> 
     </span>
     <span class='ocr_line' id='line_1_8' title="bbox 202 932 1314 1013; baseline 0.002 -20"><span class='ocrx_word' id='word_1_63' title='bbox 202 933 289 993; x_wconf 91' lang='lat' dir='ltr'>modo</span> <span class='ocrx_word' id='word_1_64' title='bbox 317 932 449 1009; x_wconf 91' lang='lat' dir='ltr'>gloriari.</span> <span class='ocrx_word' id='word_1_65' title='bbox 495 932 568 993; x_wconf 90' lang='lat' dir='ltr'>Nam</span> <span class='ocrx_word' id='word_1_66' title='bbox 597 952 652 1011; x_wconf 92' lang='lat' dir='ltr'>pro</span> <span class='ocrx_word' id='word_1_67' title='bbox 681 933 874 1013; x_wconf 90' lang='lat' dir='ltr'>amplitudine</span> <span class='ocrx_word' id='word_1_68' title='bbox 902 936 1064 1005; x_wconf 89' lang='lat' dir='ltr'>honorum,</span> <span class='ocrx_word' id='word_1_69' title='bbox 1096 952 1170 1012; x_wconf 88' lang='lat' dir='ltr'>quos</span> <span class='ocrx_word' id='word_1_70' title='bbox 1198 936 1314 995; x_wconf 92' lang='lat' dir='ltr'>cunctis</span> 
     </span>
     <span class='ocr_line' id='line_1_9' title="bbox 202 1018 1316 1099; baseline 0.002 -22"><span class='ocrx_word' id='word_1_71' title='bbox 202 1019 349 1095; x_wconf 84' lang='lat' dir='ltr'>suffragiis</span> <span class='ocrx_word' id='word_1_72' title='bbox 372 1018 471 1097; x_wconf 89' lang='lat' dir='ltr'>adepti</span> <span class='ocrx_word' id='word_1_73' title='bbox 493 1036 595 1078; x_wconf 93' lang='lat' dir='ltr'>sumus</span> <span class='ocrx_word' id='word_1_74' title='bbox 611 1026 713 1079; x_wconf 89' lang='lat' dir='ltr'>nostro</span> <span class='ocrx_word' id='word_1_75' title='bbox 730 1020 848 1095; x_wconf 88' lang='lat' dir='ltr'>quidem</span> <span class='ocrx_word' id='word_1_76' title='bbox 864 1037 950 1092; x_wconf 89' lang='lat' dir='ltr'>anno,</span> <span class='ocrx_word' id='word_1_77' title='bbox 975 1019 1053 1099; x_wconf 89' lang='lat' dir='ltr'>qnod</span> <span class='ocrx_word' id='word_1_78' title='bbox 1069 1021 1196 1096; x_wconf 89' lang='lat' dir='ltr'>contigit</span> <span class='ocrx_word' id='word_1_79' title='bbox 1210 1039 1316 1080; x_wconf 89' lang='lat' dir='ltr'>eorum</span> 
     </span>
     <span class='ocr_line' id='line_1_10' title="bbox 201 1102 1317 1183; baseline 0.002 -21"><span class='ocrx_word' id='word_1_80' title='bbox 201 1103 326 1171; x_wconf 91' lang='lat' dir='ltr'>nemini,</span> <span class='ocrx_word' id='word_1_81' title='bbox 356 1119 429 1179; x_wconf 88' lang='lat' dir='ltr'>quos</span> <span class='ocrx_word' id='word_1_82' title='bbox 457 1102 544 1163; x_wconf 92' lang='lat' dir='ltr'>modo</span> <span class='ocrx_word' id='word_1_83' title='bbox 567 1105 730 1173; x_wconf 88' lang='lat' dir='ltr'>nominavi,</span> <span class='ocrx_word' id='word_1_84' title='bbox 754 1119 825 1163; x_wconf 92' lang='lat' dir='ltr'>sane</span> <span class='ocrx_word' id='word_1_85' title='bbox 849 1106 973 1182; x_wconf 83' lang='lat' dir='ltr'>exiguus</span> <span class='ocrx_word' id='word_1_86' title='bbox 995 1113 1131 1183; x_wconf 88' lang='lat' dir='ltr'>sumptus</span> <span class='ocrx_word' id='word_1_87' title='bbox 1154 1103 1317 1165; x_wconf 86' lang='lat' dir='ltr'>aedilitatis</span> 
     </span>
     <span class='ocr_line' id='line_1_11' title="bbox 167 1183 1314 1266; baseline 0.003 -20"><span class='ocrx_word' id='word_1_88' title='bbox 167 1188 267 1251; x_wconf 82' lang='lat' dir='ltr'>eluit.</span> <span class='ocrx_word' id='word_1_89' title='bbox 298 1183 348 1247; x_wconf 87' lang='grc'>60.</span> <span class='ocrx_word' id='word_1_90' title='bbox 372 1189 466 1266; x_wconf 78' lang='lat' dir='ltr'>Atque</span> <span class='ocrx_word' id='word_1_91' title='bbox 501 1189 588 1247; x_wconf 92' lang='lat' dir='ltr'>etiam</span> <span class='ocrx_word' id='word_1_92' title='bbox 622 1187 688 1248; x_wconf 88' lang='lat' dir='ltr'>illae</span> <span class='ocrx_word' id='word_1_93' title='bbox 711 1190 864 1266; x_wconf 88' lang='lat' dir='ltr'>impensae</span> <span class='ocrx_word' id='word_1_94' title='bbox 886 1188 1041 1250; x_wconf 89' lang='lat' dir='ltr'>meliores:</span> <span class='ocrx_word' id='word_1_95' title='bbox 1072 1191 1159 1256; x_wconf 91' lang='lat' dir='ltr'>muri,</span> <span class='ocrx_word' id='word_1_96' title='bbox 1188 1188 1314 1258; x_wconf 87' lang='lat' dir='ltr'>navalia,</span> 
     </span>
     <span class='ocr_line' id='line_1_12' title="bbox 200 1272 1317 1352; baseline 0.002 -21"><span class='ocrx_word' id='word_1_97' title='bbox 200 1280 313 1350; x_wconf 91' lang='lat' dir='ltr'>portus,</span> <span class='ocrx_word' id='word_1_98' title='bbox 337 1289 480 1350; x_wconf 90' lang='lat' dir='ltr'>aquarum</span> <span class='ocrx_word' id='word_1_99' title='bbox 504 1273 619 1341; x_wconf 88' lang='lat' dir='ltr'>ductus,</span> <span class='ocrx_word' id='word_1_100' title='bbox 644 1275 810 1349; x_wconf 86' lang='lat' dir='ltr'>omniaque,</span> <span class='ocrx_word' id='word_1_101' title='bbox 845 1292 920 1352; x_wconf 90' lang='lat' dir='ltr'>quae</span> <span class='ocrx_word' id='word_1_102' title='bbox 943 1273 979 1334; x_wconf 85' lang='lat' dir='ltr'>ad</span> <span class='ocrx_word' id='word_1_103' title='bbox 1002 1292 1088 1335; x_wconf 91' lang='lat' dir='ltr'>usum</span> <span class='ocrx_word' id='word_1_104' title='bbox 1111 1274 1155 1332; x_wconf 89' lang='lat' dir='ltr'>rei</span> <span class='ocrx_word' id='word_1_105' title='bbox 1178 1272 1317 1352; x_wconf 88' lang='lat' dir='ltr'>publicae</span> 
     </span>
     <span class='ocr_line' id='line_1_13' title="bbox 167 1355 1312 1437; baseline -0.001 -19"><span class='ocrx_word' id='word_1_106' title='bbox 167 1358 359 1435; x_wconf 71' lang='lat' dir='ltr'>spertinent.</span> <span class='ocrx_word' id='word_1_107' title='bbox 397 1355 580 1436; x_wconf 83' lang='lat' dir='ltr'>Quamquam</span> <span class='ocrx_word' id='word_1_108' title='bbox 604 1357 681 1436; x_wconf 88' lang='lat' dir='ltr'>quod</span> <span class='ocrx_word' id='word_1_109' title='bbox 704 1375 846 1436; x_wconf 91' lang='lat' dir='ltr'>praesens</span> <span class='ocrx_word' id='word_1_110' title='bbox 868 1366 1018 1437; x_wconf 86' lang='lat' dir='ltr'>tamquam</span> <span class='ocrx_word' id='word_1_111' title='bbox 1035 1361 1065 1418; x_wconf 90' lang='lat' dir='ltr'>iu</span> <span class='ocrx_word' id='word_1_112' title='bbox 1081 1376 1200 1420; x_wconf 92' lang='lat' dir='ltr'>manum</span> <span class='ocrx_word' id='word_1_113' title='bbox 1217 1359 1312 1427; x_wconf 91' lang='lat' dir='ltr'>datur,</span> 
     </span>
     <span class='ocr_line' id='line_1_14' title="bbox 151 1440 1314 1521; baseline 0 -19"><span class='ocrx_word' id='word_1_114' title='bbox 151 1455 183 1503; x_wconf 90' lang='lat'>10</span> <span class='ocrx_word' id='word_1_115' title='bbox 202 1440 360 1502; x_wconf 90' lang='lat' dir='ltr'>iucundius</span> <span class='ocrx_word' id='word_1_116' title='bbox 383 1448 444 1502; x_wconf 90' lang='lat' dir='ltr'>est:</span> <span class='ocrx_word' id='word_1_117' title='bbox 467 1448 567 1501; x_wconf 91' lang='lat' dir='ltr'>tamen</span> <span class='ocrx_word' id='word_1_118' title='bbox 590 1441 664 1502; x_wconf 90' lang='lat' dir='ltr'>haec</span> <span class='ocrx_word' id='word_1_119' title='bbox 687 1443 716 1502; x_wconf 92' lang='lat' dir='ltr'>in</span> <span class='ocrx_word' id='word_1_120' title='bbox 739 1452 891 1520; x_wconf 91' lang='lat' dir='ltr'>posterum</span> <span class='ocrx_word' id='word_1_121' title='bbox 915 1445 1051 1521; x_wconf 85' lang='lat' dir='ltr'>gratiora.</span> <span class='ocrx_word' id='word_1_122' title='bbox 1083 1442 1220 1512; x_wconf 84' lang='lat' dir='ltr'>Theatra,</span> <span class='ocrx_word' id='word_1_123' title='bbox 1245 1461 1314 1521; x_wconf 90' lang='lat' dir='ltr'>por·</span> 
     </span>
     <span class='ocr_line' id='line_1_15' title="bbox 200 1525 1313 1607; baseline 0.001 -22"><span class='ocrx_word' id='word_1_124' title='bbox 200 1527 284 1591; x_wconf 84' lang='lat' dir='ltr'>ticos,</span> <span class='ocrx_word' id='word_1_125' title='bbox 308 1543 382 1584; x_wconf 88' lang='lat' dir='ltr'>nova</span> <span class='ocrx_word' id='word_1_126' title='bbox 405 1525 515 1605; x_wconf 89' lang='lat' dir='ltr'>templa</span> <span class='ocrx_word' id='word_1_127' title='bbox 538 1527 735 1587; x_wconf 87' lang='lat' dir='ltr'>verecundius</span> <span class='ocrx_word' id='word_1_128' title='bbox 757 1527 954 1605; x_wconf 82' lang='lat' dir='ltr'>reprehendo,</span> <span class='ocrx_word' id='word_1_129' title='bbox 977 1535 1100 1606; x_wconf 87' lang='lat' dir='ltr'>propter</span> <span class='ocrx_word' id='word_1_130' title='bbox 1123 1527 1313 1607; x_wconf 87' lang='lat' dir='ltr'>Pompeium:</span> 
     </span>
     <span class='ocr_line' id='line_1_16' title="bbox 200 1609 1315 1690; baseline 0.001 -20"><span class='ocrx_word' id='word_1_131' title='bbox 200 1611 251 1670; x_wconf 89' lang='lat' dir='ltr'>sed</span> <span class='ocrx_word' id='word_1_132' title='bbox 288 1609 451 1670; x_wconf 90' lang='lat' dir='ltr'>doctissimi</span> <span class='ocrx_word' id='word_1_133' title='bbox 487 1630 545 1671; x_wconf 92' lang='lat' dir='ltr'>non</span> <span class='ocrx_word' id='word_1_134' title='bbox 574 1611 716 1689; x_wconf 89' lang='lat' dir='ltr'>probant,</span> <span class='ocrx_word' id='word_1_135' title='bbox 750 1617 783 1670; x_wconf 94' lang='lat' dir='ltr'>ut</span> <span class='ocrx_word' id='word_1_136' title='bbox 812 1619 841 1671; x_wconf 90' lang='lat' dir='ltr'>et</span> <span class='ocrx_word' id='word_1_137' title='bbox 870 1609 919 1670; x_wconf 91' lang='lat' dir='ltr'>bic</span> <span class='ocrx_word' id='word_1_138' title='bbox 947 1615 1011 1690; x_wconf 91' lang='lat' dir='ltr'>ipse</span> <span class='ocrx_word' id='word_1_139' title='bbox 1033 1610 1201 1680; x_wconf 89' lang='lat' dir='ltr'>Panaetius,</span> <span class='ocrx_word' id='word_1_140' title='bbox 1225 1630 1315 1690; x_wconf 91' lang='lat' dir='ltr'>quem</span> 
     </span>
     <span class='ocr_line' id='line_1_17' title="bbox 150 1695 1310 1772; baseline 0.002 -19"><span class='ocrx_word' id='word_1_141' title='bbox 150 1705 181 1754; x_wconf 91' lang='lat'>11</span> <span class='ocrx_word' id='word_1_142' title='bbox 200 1695 324 1755; x_wconf 90' lang='lat' dir='ltr'>multum</span> <span class='ocrx_word' id='word_1_143' title='bbox 346 1696 375 1753; x_wconf 92' lang='lat' dir='ltr'>in</span> <span class='ocrx_word' id='word_1_144' title='bbox 399 1695 444 1755; x_wconf 93' lang='lat' dir='ltr'>his</span> <span class='ocrx_word' id='word_1_145' title='bbox 465 1695 551 1755; x_wconf 92' lang='lat' dir='ltr'>libris</span> <span class='ocrx_word' id='word_1_146' title='bbox 573 1704 693 1756; x_wconf 92' lang='lat' dir='ltr'>secutus</span> <span class='ocrx_word' id='word_1_147' title='bbox 715 1712 789 1765; x_wconf 90' lang='lat' dir='ltr'>sum,</span> <span class='ocrx_word' id='word_1_148' title='bbox 813 1714 872 1755; x_wconf 88' lang='lat' dir='ltr'>non</span> <span class='ocrx_word' id='word_1_149' title='bbox 895 1698 1123 1772; x_wconf 89' lang='lat' dir='ltr'>interpretatus:</span> <span class='ocrx_word' id='word_1_150' title='bbox 1154 1703 1184 1755; x_wconf 92' lang='lat' dir='ltr'>et</span> <span class='ocrx_word' id='word_1_151' title='bbox 1204 1695 1310 1756; x_wconf 85' lang='lat' dir='ltr'>Phale-</span> 
     </span>
     <span class='ocr_line' id='line_1_18' title="bbox 199 1778 1311 1861; baseline 0.001 -22"><span class='ocrx_word' id='word_1_152' title='bbox 199 1798 269 1839; x_wconf 91' lang='lat' dir='ltr'>reus</span> <span class='ocrx_word' id='word_1_153' title='bbox 292 1779 467 1849; x_wconf 79' lang='lat' dir='ltr'>DemetriuS,</span> <span class='ocrx_word' id='word_1_154' title='bbox 503 1782 555 1859; x_wconf 92' lang='lat' dir='ltr'>qui</span> <span class='ocrx_word' id='word_1_155' title='bbox 576 1779 752 1861; x_wconf 75' lang='lat' dir='ltr'>Periclem,</span> <span class='ocrx_word' id='word_1_156' title='bbox 771 1778 939 1857; x_wconf 90' lang='lat' dir='ltr'>principem</span> <span class='ocrx_word' id='word_1_157' title='bbox 967 1780 1119 1849; x_wconf 86' lang='lat' dir='ltr'>Graeciae,</span> <span class='ocrx_word' id='word_1_158' title='bbox 1154 1781 1311 1859; x_wconf 83' lang='lat' dir='ltr'>vituperat,</span> 
     </span>
     <span class='ocr_line' id='line_1_19' title="bbox 200 1863 1311 1944; baseline 0 -21"><span class='ocrx_word' id='word_1_159' title='bbox 200 1864 278 1943; x_wconf 88' lang='lat' dir='ltr'>quod</span> <span class='ocrx_word' id='word_1_160' title='bbox 308 1870 417 1924; x_wconf 89' lang='lat' dir='ltr'>tantam</span> <span class='ocrx_word' id='word_1_161' title='bbox 447 1867 606 1943; x_wconf 90' lang='lat' dir='ltr'>pecuniam</span> <span class='ocrx_word' id='word_1_162' title='bbox 635 1867 667 1924; x_wconf 90' lang='lat' dir='ltr'>in</span> <span class='ocrx_word' id='word_1_163' title='bbox 693 1866 846 1944; x_wconf 90' lang='lat' dir='ltr'>praeclara</span> <span class='ocrx_word' id='word_1_164' title='bbox 876 1863 924 1924; x_wconf 91' lang='lat' dir='ltr'>illa</span> <span class='ocrx_word' id='word_1_165' title='bbox 953 1864 1115 1944; x_wconf 80' lang='lat' dir='ltr'>Propylaea</span> <span class='ocrx_word' id='word_1_166' title='bbox 1139 1866 1311 1925; x_wconf 84' lang='lat' dir='ltr'>coniecerit.</span> 
     </span>
     <span class='ocr_line' id='line_1_20' title="bbox 200 1948 1313 2029; baseline 0 -21"><span class='ocrx_word' id='word_1_167' title='bbox 200 1948 258 2008; x_wconf 87' lang='lat' dir='ltr'>Sed</span> <span class='ocrx_word' id='word_1_168' title='bbox 282 1948 318 2009; x_wconf 93' lang='lat' dir='ltr'>de</span> <span class='ocrx_word' id='word_1_169' title='bbox 340 1949 396 2008; x_wconf 91' lang='lat' dir='ltr'>hoo</span> <span class='ocrx_word' id='word_1_170' title='bbox 419 1965 530 2026; x_wconf 79' lang='lat' dir='ltr'>genere</span> <span class='ocrx_word' id='word_1_171' title='bbox 554 1957 624 2019; x_wconf 89' lang='lat' dir='ltr'>toto,</span> <span class='ocrx_word' id='word_1_172' title='bbox 648 1952 679 2010; x_wconf 92' lang='lat' dir='ltr'>in</span> <span class='ocrx_word' id='word_1_173' title='bbox 696 1952 734 2011; x_wconf 92' lang='lat' dir='ltr'>iis</span> <span class='ocrx_word' id='word_1_174' title='bbox 748 1949 843 2020; x_wconf 91' lang='lat' dir='ltr'>libris,</span> <span class='ocrx_word' id='word_1_175' title='bbox 866 1967 941 2028; x_wconf 91' lang='lat' dir='ltr'>quos</span> <span class='ocrx_word' id='word_1_176' title='bbox 959 1949 996 2010; x_wconf 90' lang='lat' dir='ltr'>de</span> <span class='ocrx_word' id='word_1_177' title='bbox 1011 1968 1044 2010; x_wconf 92' lang='lat' dir='ltr'>re</span> <span class='ocrx_word' id='word_1_178' title='bbox 1060 1949 1180 2029; x_wconf 84' lang='lat' dir='ltr'>publica</span> <span class='ocrx_word' id='word_1_179' title='bbox 1196 1951 1313 2028; x_wconf 87' lang='lat' dir='ltr'>scripsi,</span> 
     </span>
     <span class='ocr_line' id='line_1_21' title="bbox 151 2032 1313 2113; baseline 0.002 -21"><span class='ocrx_word' id='word_1_180' title='bbox 151 2053 182 2100; x_wconf 81' lang='lat'>12</span> <span class='ocrx_word' id='word_1_181' title='bbox 201 2033 359 2110; x_wconf 83' lang='lat' dir='ltr'>diligenter</span> <span class='ocrx_word' id='word_1_182' title='bbox 382 2041 427 2094; x_wconf 91' lang='lat' dir='ltr'>est</span> <span class='ocrx_word' id='word_1_183' title='bbox 450 2033 640 2113; x_wconf 86' lang='lat' dir='ltr'>disputatum.</span> <span class='ocrx_word' id='word_1_184' title='bbox 685 2035 756 2094; x_wconf 82' lang='lat' dir='ltr'>&#39;lota</span> <span class='ocrx_word' id='word_1_185' title='bbox 785 2037 877 2112; x_wconf 88' lang='lat' dir='ltr'>igitur</span> <span class='ocrx_word' id='word_1_186' title='bbox 899 2036 974 2095; x_wconf 90' lang='lat' dir='ltr'>ratio</span> <span class='ocrx_word' id='word_1_187' title='bbox 997 2035 1099 2094; x_wconf 89' lang='lat' dir='ltr'>talium</span> <span class='ocrx_word' id='word_1_188' title='bbox 1122 2032 1313 2112; x_wconf 84' lang='lat' dir='ltr'>largitionum</span> 
     </span>
     <span class='ocr_line' id='line_1_22' title="bbox 200 2117 1313 2197; baseline 0 -19"><span class='ocrx_word' id='word_1_189' title='bbox 200 2135 311 2195; x_wconf 91' lang='lat' dir='ltr'>genere</span> <span class='ocrx_word' id='word_1_190' title='bbox 333 2119 437 2178; x_wconf 89' lang='lat' dir='ltr'>vitiosa</span> <span class='ocrx_word' id='word_1_191' title='bbox 463 2128 514 2187; x_wconf 86' lang='lat' dir='ltr'>est,</span> <span class='ocrx_word' id='word_1_192' title='bbox 538 2117 725 2196; x_wconf 89' lang='lat' dir='ltr'>temporibus</span> <span class='ocrx_word' id='word_1_193' title='bbox 749 2121 933 2189; x_wconf 75' lang='lat' dir='ltr'>[iecessaria3</span> <span class='ocrx_word' id='word_1_194' title='bbox 963 2126 991 2178; x_wconf 85' lang='lat' dir='ltr'>et</span> <span class='ocrx_word' id='word_1_195' title='bbox 1019 2126 1081 2180; x_wconf 91' lang='lat' dir='ltr'>tum</span> <span class='ocrx_word' id='word_1_196' title='bbox 1104 2120 1200 2197; x_wconf 91' lang='lat' dir='ltr'>ipsum</span> <span class='ocrx_word' id='word_1_197' title='bbox 1225 2119 1313 2183; x_wconf 86' lang='lat' dir='ltr'>etad</span> 
     </span>
     <span class='ocr_line' id='line_1_23' title="bbox 200 2203 1183 2264; baseline 0.002 -4"><span class='ocrx_word' id='word_1_198' title='bbox 200 2203 355 2263; x_wconf 83' lang='lat' dir='ltr'>facultates</span> <span class='ocrx_word' id='word_1_199' title='bbox 377 2204 625 2264; x_wconf 87' lang='lat' dir='ltr'>accommodanda</span> <span class='ocrx_word' id='word_1_200' title='bbox 649 2211 677 2262; x_wconf 92' lang='lat' dir='ltr'>et</span> <span class='ocrx_word' id='word_1_201' title='bbox 701 2204 905 2264; x_wconf 86' lang='lat' dir='ltr'>mediocritate</span> <span class='ocrx_word' id='word_1_202' title='bbox 927 2203 1108 2263; x_wconf 87' lang='lat' dir='ltr'>moderanda</span> <span class='ocrx_word' id='word_1_203' title='bbox 1132 2212 1183 2262; x_wconf 94' lang='lat' dir='ltr'>est.</span> 
     </span>
    </p>
   </div>
   <div class='ocr_carea' id='block_1_3' title="bbox 196 2417 1316 4314">
    <p class='ocr_par' dir='ltr' id='par_1_3' title="bbox 198 2417 1315 2551">
     <span class='ocr_line' id='line_1_24' title="bbox 198 2417 1315 2486; baseline 0.002 -17"><span class='ocrx_word' id='word_1_204' title='bbox 198 2426 264 2470; x_wconf 89' lang='lat' dir='ltr'>tura</span> <span class='ocrx_word' id='word_1_205' title='bbox 281 2417 461 2470; x_wconf 88' lang='lat' dir='ltr'>continentur</span> <span class='ocrx_word' id='word_1_206' title='bbox 478 2427 506 2470; x_wconf 88' lang='lat' dir='ltr'>et</span> <span class='ocrx_word' id='word_1_207' title='bbox 523 2426 588 2471; x_wconf 89' lang='lat' dir='ltr'>sunt</span> <span class='ocrx_word' id='word_1_208' title='bbox 605 2417 756 2485; x_wconf 85' lang='lat' dir='ltr'>opinabiles</span> <span class='ocrx_word' id='word_1_209' title='bbox 779 2418 835 2484; x_wconf 88' lang='lat' dir='ltr'>(die</span> <span class='ocrx_word' id='word_1_210' title='bbox 857 2419 907 2470; x_wconf 83' lang='lat' dir='ltr'>auf</span> <span class='ocrx_word' id='word_1_211' title='bbox 921 2418 1111 2485; x_wconf 87' lang='lat' dir='ltr'>Vermuthung</span> <span class='ocrx_word' id='word_1_212' title='bbox 1134 2418 1189 2470; x_wconf 90' lang='lat' dir='ltr'>und</span> <span class='ocrx_word' id='word_1_213' title='bbox 1206 2419 1315 2486; x_wconf 89' lang='lat' dir='ltr'>subjec-</span> 
     </span>
     <span class='ocr_line' id='line_1_25' title="bbox 199 2485 586 2551; baseline 0.005 -13"><span class='ocrx_word' id='word_1_214' title='bbox 199 2486 272 2538; x_wconf 86' lang='lat' dir='ltr'>tiver</span> <span class='ocrx_word' id='word_1_215' title='bbox 290 2485 424 2551; x_wconf 88' lang='lat' dir='ltr'>Meinung</span> <span class='ocrx_word' id='word_1_216' title='bbox 441 2485 586 2550; x_wconf 88' lang='lat' dir='ltr'>beruhen).</span> 
     </span>
    </p>

    <p class='ocr_par' dir='ltr' id='par_1_4' title="bbox 197 2552 1316 3027">
     <span class='ocr_line' id='line_1_26' title="bbox 266 2552 1316 2622; baseline 0.002 -17"><span class='ocrx_word' id='word_1_217' title='bbox 266 2558 290 2605; x_wconf 78' lang='lat'>5.</span> <span class='ocrx_word' id='word_1_218' title='bbox 308 2555 376 2604; x_wconf 83' lang='lat' dir='ltr'>utile</span> <span class='ocrx_word' id='word_1_219' title='bbox 394 2561 434 2604; x_wconf 85' lang='lat' dir='ltr'>est</span> <span class='ocrx_word' id='word_1_220' title='bbox 451 2552 624 2620; x_wconf 84' lang='lat' dir='ltr'>largitionem</span> <span class='ocrx_word' id='word_1_221' title='bbox 643 2555 710 2612; x_wconf 82' lang='lat' dir='ltr'>fieri.</span> <span class='ocrx_word' id='word_1_222' title='bbox 722 2584 755 2592; x_wconf 96' lang='lat'><strong>—</strong></span> <span class='ocrx_word' id='word_1_223' title='bbox 768 2556 798 2606; x_wconf 85' lang='lat' dir='ltr'>in</span> <span class='ocrx_word' id='word_1_224' title='bbox 810 2556 854 2606; x_wconf 79' lang='lat' dir='ltr'>liis</span> <span class='ocrx_word' id='word_1_225' title='bbox 867 2556 937 2622; x_wconf 80' lang='lat' dir='ltr'>ipsis</span> <span class='ocrx_word' id='word_1_226' title='bbox 953 2553 1157 2621; x_wconf 83' lang='lat' dir='ltr'>largitionibus,</span> <span class='ocrx_word' id='word_1_227' title='bbox 1175 2570 1245 2622; x_wconf 90' lang='lat' dir='ltr'>quae</span> <span class='ocrx_word' id='word_1_228' title='bbox 1264 2562 1316 2607; x_wconf 80' lang='lat' dir='ltr'>aut</span> 
     </span>
     <span class='ocr_line' id='line_1_27' title="bbox 199 2620 1310 2688; baseline 0.001 -16"><span class='ocrx_word' id='word_1_229' title='bbox 199 2620 367 2672; x_wconf 85' lang='lat' dir='ltr'>necessariae</span> <span class='ocrx_word' id='word_1_230' title='bbox 384 2629 462 2686; x_wconf 82' lang='lat' dir='ltr'>sont,</span> <span class='ocrx_word' id='word_1_231' title='bbox 491 2629 541 2674; x_wconf 89' lang='lat' dir='ltr'>aut</span> <span class='ocrx_word' id='word_1_232' title='bbox 568 2623 657 2676; x_wconf 90' lang='lat' dir='ltr'>utiles.</span> <span class='ocrx_word' id='word_1_233' title='bbox 694 2623 782 2674; x_wconf 90' lang='lat' dir='ltr'>Ueber</span> <span class='ocrx_word' id='word_1_234' title='bbox 805 2621 858 2674; x_wconf 89' lang='lat' dir='ltr'>den</span> <span class='ocrx_word' id='word_1_235' title='bbox 877 2622 972 2673; x_wconf 89' lang='lat' dir='ltr'>Plural</span> <span class='ocrx_word' id='word_1_236' title='bbox 995 2621 1050 2688; x_wconf 85' lang='lat' dir='ltr'>vgl.</span> <span class='ocrx_word' id='word_1_237' title='bbox 1070 2623 1094 2685; x_wconf 92' lang='grc' dir='ltr'>Ι,</span> <span class='ocrx_word' id='word_1_238' title='bbox 1112 2628 1155 2686; x_wconf 83' lang='grc'>34,</span> <span class='ocrx_word' id='word_1_239' title='bbox 1174 2628 1189 2674; x_wconf 93' lang='grc'>3</span> <span class='ocrx_word' id='word_1_240' title='bbox 1208 2640 1310 2674; x_wconf 81' lang='lat' dir='ltr'>eorum.</span> 
     </span>
     <span class='ocr_line' id='line_1_28' title="bbox 197 2688 1313 2756; baseline 0.003 -18"><span class='ocrx_word' id='word_1_241' title='bbox 197 2718 231 2726; x_wconf 92' lang='lat'>-</span> <span class='ocrx_word' id='word_1_242' title='bbox 246 2689 446 2739; x_wconf 83' lang='lat' dir='ltr'>mediocritatis</span> <span class='ocrx_word' id='word_1_243' title='bbox 464 2691 571 2755; x_wconf 78' lang='lat' dir='ltr'>rapula,</span> <span class='ocrx_word' id='word_1_244' title='bbox 589 2690 716 2743; x_wconf 70' lang='lat' dir='ltr'>deutsche</span> <span class='ocrx_word' id='word_1_245' title='bbox 736 2690 904 2742; x_wconf 86' lang='lat' dir='ltr'>Masshalten</span> <span class='ocrx_word' id='word_1_246' title='bbox 922 2688 959 2742; x_wconf 89' lang='lat' dir='ltr'>ist</span> <span class='ocrx_word' id='word_1_247' title='bbox 976 2688 1020 2741; x_wconf 89' lang='lat' dir='ltr'>die</span> <span class='ocrx_word' id='word_1_248' title='bbox 1036 2689 1112 2742; x_wconf 79' lang='lat' dir='ltr'>besta</span> <span class='ocrx_word' id='word_1_249' title='bbox 1124 2690 1224 2756; x_wconf 79' lang='lat' dir='ltr'>Regel3</span> <span class='ocrx_word' id='word_1_250' title='bbox 1246 2689 1313 2741; x_wconf 80' lang='lat' dir='ltr'>bber</span> 
     </span>
     <span class='ocr_line' id='line_1_29' title="bbox 197 2755 1312 2826; baseline 0.002 -18"><span class='ocrx_word' id='word_1_251' title='bbox 197 2756 250 2808; x_wconf 89' lang='lat' dir='ltr'>den</span> <span class='ocrx_word' id='word_1_252' title='bbox 265 2755 378 2808; x_wconf 90' lang='lat' dir='ltr'>Genitiv</span> <span class='ocrx_word' id='word_1_253' title='bbox 395 2755 451 2822; x_wconf 86' lang='lat' dir='ltr'>vgl.</span> <span class='ocrx_word' id='word_1_254' title='bbox 472 2774 494 2808; x_wconf 90' lang='lat' dir='ltr'>c.</span> <span class='ocrx_word' id='word_1_255' title='bbox 508 2762 534 2821; x_wconf 82' lang='lat'>5,</span> <span class='ocrx_word' id='word_1_256' title='bbox 545 2762 570 2808; x_wconf 82' lang='lat'>4.</span> <span class='ocrx_word' id='word_1_257' title='bbox 585 2787 618 2796; x_wconf 86' lang='lat'><strong>—</strong></span> <span class='ocrx_word' id='word_1_258' title='bbox 635 2760 667 2810; x_wconf 77' lang='lat' dir='ltr'>h.</span> <span class='ocrx_word' id='word_1_259' title='bbox 682 2760 840 2826; x_wconf 78' lang='lat' dir='ltr'>Philippus,</span> <span class='ocrx_word' id='word_1_260' title='bbox 859 2757 907 2810; x_wconf 90' lang='lat' dir='ltr'>der</span> <span class='ocrx_word' id='word_1_261' title='bbox 924 2757 1009 2810; x_wconf 87' lang='lat' dir='ltr'>Veter</span> <span class='ocrx_word' id='word_1_262' title='bbox 1026 2775 1081 2809; x_wconf 81' lang='lat' dir='ltr'>von</span> <span class='ocrx_word' id='word_1_263' title='bbox 1104 2757 1150 2810; x_wconf 92' lang='lat' dir='ltr'>des</span> <span class='ocrx_word' id='word_1_264' title='bbox 1168 2758 1312 2823; x_wconf 86' lang='lat' dir='ltr'>Augustus</span> 
     </span>
     <span class='ocr_line' id='line_1_30' title="bbox 197 2825 1311 2892; baseline 0 -15"><span class='ocrx_word' id='word_1_265' title='bbox 197 2825 359 2887; x_wconf 82' lang='lat' dir='ltr'>Stiefvater,</span> <span class='ocrx_word' id='word_1_266' title='bbox 387 2826 471 2876; x_wconf 86' lang='lat' dir='ltr'>sehon</span> <span class='ocrx_word' id='word_1_267' title='bbox 489 2825 513 2889; x_wconf 93' lang='lat' dir='ltr'>I,</span> <span class='ocrx_word' id='word_1_268' title='bbox 532 2830 573 2881; x_wconf 85' lang='grc'>30,</span> <span class='ocrx_word' id='word_1_269' title='bbox 593 2832 608 2878; x_wconf 86' lang='grc'>9</span> <span class='ocrx_word' id='word_1_270' title='bbox 627 2826 759 2882; x_wconf 78' lang='lat' dir='ltr'>erwihnt.</span> <span class='ocrx_word' id='word_1_271' title='bbox 779 2856 809 2864; x_wconf 91' lang='lat'><em>-</em></span> <span class='ocrx_word' id='word_1_272' title='bbox 829 2827 919 2892; x_wconf 82' lang='lat' dir='ltr'>Cotta,</span> <span class='ocrx_word' id='word_1_273' title='bbox 944 2825 975 2878; x_wconf 87' lang='lat' dir='ltr'>C.</span> <span class='ocrx_word' id='word_1_274' title='bbox 997 2825 1132 2887; x_wconf 81' lang='lat' dir='ltr'>Aurelius,</span> <span class='ocrx_word' id='word_1_275' title='bbox 1153 2825 1256 2877; x_wconf 85' lang='lat' dir='ltr'>Consul</span> <span class='ocrx_word' id='word_1_276' title='bbox 1274 2825 1311 2877; x_wconf 89' lang='lat' dir='ltr'>im</span> 
     </span>
     <span class='ocr_line' id='line_1_31' title="bbox 198 2892 1312 2959; baseline 0 -16"><span class='ocrx_word' id='word_1_277' title='bbox 198 2892 224 2945; x_wconf 90' lang='lat' dir='ltr'>J.</span> <span class='ocrx_word' id='word_1_278' title='bbox 243 2895 283 2944; x_wconf 79' lang='lat'>75.</span> <span class='ocrx_word' id='word_1_279' title='bbox 301 2921 335 2930; x_wconf 89' lang='lat'>-</span> <span class='ocrx_word' id='word_1_280' title='bbox 353 2893 447 2958; x_wconf 85' lang='lat' dir='ltr'>Corio,</span> <span class='ocrx_word' id='word_1_281' title='bbox 472 2892 502 2944; x_wconf 83' lang='lat'>0.</span> <span class='ocrx_word' id='word_1_282' title='bbox 521 2892 688 2958; x_wconf 86' lang='lat' dir='ltr'>Scribonius,</span> <span class='ocrx_word' id='word_1_283' title='bbox 709 2893 814 2946; x_wconf 84' lang='lat' dir='ltr'>Consul</span> <span class='ocrx_word' id='word_1_284' title='bbox 835 2893 871 2945; x_wconf 90' lang='lat' dir='ltr'>im</span> <span class='ocrx_word' id='word_1_285' title='bbox 890 2892 915 2945; x_wconf 82' lang='grc' dir='ltr'>Ι.</span> <span class='ocrx_word' id='word_1_286' title='bbox 930 2898 972 2959; x_wconf 85' lang='grc'>76,</span> <span class='ocrx_word' id='word_1_287' title='bbox 991 2893 1076 2946; x_wconf 87' lang='lat' dir='ltr'>Vater</span> <span class='ocrx_word' id='word_1_288' title='bbox 1094 2892 1138 2945; x_wconf 87' lang='lat' dir='ltr'>des</span> <span class='ocrx_word' id='word_1_289' title='bbox 1158 2892 1312 2959; x_wconf 87' lang='lat' dir='ltr'>unruhigen</span> 
     </span>
     <span class='ocr_line' id='line_1_32' title="bbox 197 2959 897 3027; baseline 0.003 -17"><span class='ocrx_word' id='word_1_290' title='bbox 197 2959 424 3025; x_wconf 83' lang='lat' dir='ltr'>Vollrstribunen‚</span> <span class='ocrx_word' id='word_1_291' title='bbox 442 2960 495 3010; x_wconf 91' lang='lat' dir='ltr'>den</span> <span class='ocrx_word' id='word_1_292' title='bbox 514 2959 617 3013; x_wconf 83' lang='lat' dir='ltr'>Caesar</span> <span class='ocrx_word' id='word_1_293' title='bbox 635 2963 680 3013; x_wconf 83' lang='lat' dir='ltr'>fiir</span> <span class='ocrx_word' id='word_1_294' title='bbox 697 2961 753 3013; x_wconf 86' lang='lat' dir='ltr'>sich</span> <span class='ocrx_word' id='word_1_295' title='bbox 772 2977 897 3027; x_wconf 85' lang='lat' dir='ltr'>gewann.</span> 
     </span>
    </p>

    <p class='ocr_par' dir='ltr' id='par_1_5' title="bbox 196 3026 1313 3421">
     <span class='ocr_line' id='line_1_33' title="bbox 265 3026 1312 3094; baseline 0 -14"><span class='ocrx_word' id='word_1_296' title='bbox 265 3033 289 3080; x_wconf 78' lang='lat'>7.</span> <span class='ocrx_word' id='word_1_297' title='bbox 308 3037 404 3079; x_wconf 83' lang='lat' dir='ltr'>nostro</span> <span class='ocrx_word' id='word_1_298' title='bbox 417 3045 501 3094; x_wconf 83' lang='lat' dir='ltr'>anno,</span> <span class='ocrx_word' id='word_1_299' title='bbox 519 3029 619 3094; x_wconf 86' lang='lat' dir='ltr'>gerade</span> <span class='ocrx_word' id='word_1_300' title='bbox 635 3029 664 3081; x_wconf 90' lang='lat' dir='ltr'>in</span> <span class='ocrx_word' id='word_1_301' title='bbox 683 3028 740 3080; x_wconf 89' lang='lat' dir='ltr'>dem</span> <span class='ocrx_word' id='word_1_302' title='bbox 755 3029 840 3080; x_wconf 86' lang='lat' dir='ltr'>Jahre</span> <span class='ocrx_word' id='word_1_303' title='bbox 854 3028 996 3094; x_wconf 88' lang='lat' dir='ltr'>jedesmal,</span> <span class='ocrx_word' id='word_1_304' title='bbox 1015 3046 1057 3080; x_wconf 91' lang='lat' dir='ltr'>wo</span> <span class='ocrx_word' id='word_1_305' title='bbox 1069 3045 1096 3080; x_wconf 88' lang='lat' dir='ltr'>es</span> <span class='ocrx_word' id='word_1_306' title='bbox 1113 3027 1158 3079; x_wconf 91' lang='lat' dir='ltr'>die</span> <span class='ocrx_word' id='word_1_307' title='bbox 1175 3027 1218 3079; x_wconf 80' lang='lat' dir='ltr'>lex</span> <span class='ocrx_word' id='word_1_308' title='bbox 1230 3026 1312 3080; x_wconf 87' lang='lat' dir='ltr'>Villia</span> 
     </span>
     <span class='ocr_line' id='line_1_34' title="bbox 198 3095 1310 3164; baseline 0.001 -18"><span class='ocrx_word' id='word_1_309' title='bbox 198 3095 305 3147; x_wconf 86' lang='lat' dir='ltr'>annalis</span> <span class='ocrx_word' id='word_1_310' title='bbox 328 3102 486 3160; x_wconf 84' lang='lat' dir='ltr'>gestattete:</span> <span class='ocrx_word' id='word_1_311' title='bbox 510 3096 546 3146; x_wconf 92' lang='lat' dir='ltr'>im</span> <span class='ocrx_word' id='word_1_312' title='bbox 569 3102 610 3151; x_wconf 87' lang='grc'>31.</span> <span class='ocrx_word' id='word_1_313' title='bbox 629 3096 813 3164; x_wconf 86' lang='lat' dir='ltr'>Lebensjahre</span> <span class='ocrx_word' id='word_1_314' title='bbox 833 3095 967 3158; x_wconf 79' lang='lat' dir='ltr'>Quistor,</span> <span class='ocrx_word' id='word_1_315' title='bbox 990 3095 1027 3147; x_wconf 89' lang='lat' dir='ltr'>im</span> <span class='ocrx_word' id='word_1_316' title='bbox 1048 3101 1090 3149; x_wconf 91' lang='lat'>38.</span> <span class='ocrx_word' id='word_1_317' title='bbox 1109 3095 1196 3158; x_wconf 77' lang='lat' dir='ltr'>Aedil,</span> <span class='ocrx_word' id='word_1_318' title='bbox 1215 3095 1251 3147; x_wconf 88' lang='lat' dir='ltr'>im</span> <span class='ocrx_word' id='word_1_319' title='bbox 1268 3100 1310 3148; x_wconf 88' lang='grc'>41.</span> 
     </span>
     <span class='ocr_line' id='line_1_35' title="bbox 197 3161 1312 3231; baseline 0.002 -18"><span class='ocrx_word' id='word_1_320' title='bbox 197 3163 306 3225; x_wconf 83' lang='lat' dir='ltr'>Priitor,</span> <span class='ocrx_word' id='word_1_321' title='bbox 324 3162 360 3213; x_wconf 89' lang='lat' dir='ltr'>im</span> <span class='ocrx_word' id='word_1_322' title='bbox 377 3167 419 3214; x_wconf 80' lang='lat'>44.</span> <span class='ocrx_word' id='word_1_323' title='bbox 437 3161 548 3215; x_wconf 85' lang='lat' dir='ltr'>Consul.</span> <span class='ocrx_word' id='word_1_324' title='bbox 569 3193 599 3201; x_wconf 93' lang='lat'><em>-</em></span> <span class='ocrx_word' id='word_1_325' title='bbox 618 3167 708 3230; x_wconf 70' lang='lat' dir='ltr'>Atque</span> <span class='ocrx_word' id='word_1_326' title='bbox 725 3165 816 3231; x_wconf 80' lang='lat' dir='ltr'>etiam,</span> <span class='ocrx_word' id='word_1_327' title='bbox 835 3181 855 3218; x_wconf 90' lang='lat' dir='ltr'>s.</span> <span class='ocrx_word' id='word_1_328' title='bbox 874 3163 898 3228; x_wconf 90' lang='grc' dir='ltr'>Ι,</span> <span class='ocrx_word' id='word_1_329' title='bbox 911 3181 935 3217; x_wconf 89' lang='lat' dir='ltr'>e.</span> <span class='ocrx_word' id='word_1_330' title='bbox 949 3167 991 3228; x_wconf 88' lang='grc'>26,</span> <span class='ocrx_word' id='word_1_331' title='bbox 1006 3169 1028 3215; x_wconf 94' lang='grc'>1.</span> <span class='ocrx_word' id='word_1_332' title='bbox 1041 3192 1074 3201; x_wconf 93' lang='grc'>-</span> <span class='ocrx_word' id='word_1_333' title='bbox 1087 3165 1204 3214; x_wconf 81' lang='lat' dir='ltr'>navalia</span> <span class='ocrx_word' id='word_1_334' title='bbox 1220 3177 1312 3215; x_wconf 84' lang='lat' dir='ltr'>castra</span> 
     </span>
     <span class='ocr_line' id='line_1_36' title="bbox 198 3229 1313 3298; baseline -0.001 -17"><span class='ocrx_word' id='word_1_335' title='bbox 198 3230 263 3294; x_wconf 86' lang='lat' dir='ltr'>(wie</span> <span class='ocrx_word' id='word_1_336' title='bbox 280 3229 405 3288; x_wconf 88' lang='lat' dir='ltr'>hiberna,</span> <span class='ocrx_word' id='word_1_337' title='bbox 428 3230 551 3297; x_wconf 81' lang='lat' dir='ltr'>stativa),</span> <span class='ocrx_word' id='word_1_338' title='bbox 574 3231 792 3284; x_wconf 86' lang='lat' dir='ltr'>Schiffswerften</span> <span class='ocrx_word' id='word_1_339' title='bbox 817 3229 870 3282; x_wconf 91' lang='lat' dir='ltr'>und</span> <span class='ocrx_word' id='word_1_340' title='bbox 889 3231 988 3283; x_wconf 88' lang='lat' dir='ltr'>Docks.</span> <span class='ocrx_word' id='word_1_341' title='bbox 1008 3260 1040 3268; x_wconf 89' lang='lat'><em>-</em></span> <span class='ocrx_word' id='word_1_342' title='bbox 1060 3248 1198 3298; x_wconf 83' lang='lat' dir='ltr'>aquarum</span> <span class='ocrx_word' id='word_1_343' title='bbox 1216 3233 1242 3281; x_wconf 86' lang='lat' dir='ltr'>d.</span> <span class='ocrx_word' id='word_1_344' title='bbox 1261 3229 1313 3280; x_wconf 92' lang='lat' dir='ltr'>wie</span> 
     </span>
     <span class='ocr_line' id='line_1_37' title="bbox 196 3295 1311 3416; baseline 0.001 -68"><span class='ocrx_word' id='word_1_345' title='bbox 196 3297 240 3348; x_wconf 89' lang='lat' dir='ltr'>die</span> <span class='ocrx_word' id='word_1_346' title='bbox 252 3295 492 3416; x_wconf 55' lang='lat' dir='ltr'>aqupsspppiabvon</span> <span class='ocrx_word' id='word_1_347' title='bbox 504 3296 562 3350; x_wconf 89' lang='lat' dir='ltr'>dem</span> <span class='ocrx_word' id='word_1_348' title='bbox 575 3298 702 3352; x_wconf 84' lang='lat' dir='ltr'>Erbauer</span> <span class='ocrx_word' id='word_1_349' title='bbox 711 3299 759 3351; x_wconf 92' lang='lat' dir='ltr'>der</span> <span class='ocrx_word' id='word_1_350' title='bbox 770 3298 814 3351; x_wconf 80' lang='lat' dir='ltr'>via</span> <span class='ocrx_word' id='word_1_351' title='bbox 828 3297 928 3367; x_wconf 78' lang='lat' dir='ltr'>Appia,</span> <span class='ocrx_word' id='word_1_352' title='bbox 937 3297 997 3350; x_wconf 89' lang='lat' dir='ltr'>dem</span> <span class='ocrx_word' id='word_1_353' title='bbox 1011 3298 1114 3350; x_wconf 88' lang='lat' dir='ltr'>Censor</span> <span class='ocrx_word' id='word_1_354' title='bbox 1123 3302 1194 3365; x_wconf 84' lang='lat' dir='ltr'>App.</span> <span class='ocrx_word' id='word_1_355' title='bbox 1206 3297 1311 3349; x_wconf 86' lang='lat' dir='ltr'>Caecus</span> 
     </span>
     <span class='ocr_line' id='line_1_38' title="bbox 197 3370 498 3421; baseline -0.003 -3"><span class='ocrx_word' id='word_1_356' title='bbox 197 3370 246 3418; x_wconf 84' lang='grc'>312</span> <span class='ocrx_word' id='word_1_357' title='bbox 264 3382 289 3421; x_wconf 85' lang='lat' dir='ltr'>v.</span> <span class='ocrx_word' id='word_1_358' title='bbox 351 3382 374 3416; x_wconf 89' lang='lat' dir='ltr'>r.</span> <span class='ocrx_word' id='word_1_359' title='bbox 392 3382 422 3416; x_wconf 91' lang='lat' dir='ltr'>er</span> <span class='ocrx_word' id='word_1_360' title='bbox 441 3371 498 3417; x_wconf 85' lang='lat' dir='ltr'>aut.</span> 
     </span>
    </p>

    <p class='ocr_par' dir='ltr' id='par_1_6' title="bbox 196 3431 1313 3909">
     <span class='ocr_line' id='line_1_39' title="bbox 266 3431 1310 3501; baseline -0.002 -17"><span class='ocrx_word' id='word_1_361' title='bbox 266 3437 289 3489; x_wconf 83' lang='lat'>9.</span> <span class='ocrx_word' id='word_1_362' title='bbox 308 3434 375 3484; x_wconf 80' lang='lat' dir='ltr'>leaeo</span> <span class='ocrx_word' id='word_1_363' title='bbox 392 3432 439 3484; x_wconf 90' lang='lat' dir='ltr'>das</span> <span class='ocrx_word' id='word_1_364' title='bbox 451 3433 685 3501; x_wconf 81' lang='lat' dir='ltr'>Ebengenannte3</span> <span class='ocrx_word' id='word_1_365' title='bbox 704 3434 728 3500; x_wconf 93' lang='lat' dir='ltr'>I,</span> <span class='ocrx_word' id='word_1_366' title='bbox 746 3439 788 3497; x_wconf 91' lang='grc'>28,</span> <span class='ocrx_word' id='word_1_367' title='bbox 810 3438 848 3489; x_wconf 89' lang='grc'>10.</span> <span class='ocrx_word' id='word_1_368' title='bbox 861 3462 894 3471; x_wconf 96' lang='grc'>-</span> <span class='ocrx_word' id='word_1_369' title='bbox 911 3433 1039 3499; x_wconf 79' lang='lat' dir='ltr'>gratiora</span> <span class='ocrx_word' id='word_1_370' title='bbox 1051 3431 1310 3496; x_wconf 77' lang='lat' dir='ltr'>dankenswerthe13</span> 
     </span>
     <span class='ocr_line' id='line_1_40' title="bbox 196 3498 1313 3566; baseline -0.004 -12"><span class='ocrx_word' id='word_1_371' title='bbox 196 3519 227 3554; x_wconf 90' lang='lat' dir='ltr'>so</span> <span class='ocrx_word' id='word_1_372' title='bbox 247 3500 303 3555; x_wconf 87' lang='lat' dir='ltr'>Cic.</span> <span class='ocrx_word' id='word_1_373' title='bbox 323 3500 356 3552; x_wconf 87' lang='lat' dir='ltr'>ad</span> <span class='ocrx_word' id='word_1_374' title='bbox 375 3501 433 3555; x_wconf 86' lang='lat' dir='ltr'>Att.</span> <span class='ocrx_word' id='word_1_375' title='bbox 452 3500 505 3564; x_wconf 92' lang='grc' dir='ltr'>ΙΙΙ,</span> <span class='ocrx_word' id='word_1_376' title='bbox 518 3506 551 3552; x_wconf 81' lang='grc'>24</span> <span class='ocrx_word' id='word_1_377' title='bbox 563 3509 631 3557; x_wconf 84' lang='lat' dir='ltr'>extr.</span> <span class='ocrx_word' id='word_1_378' title='bbox 655 3503 712 3555; x_wconf 90' lang='lat' dir='ltr'>lsta</span> <span class='ocrx_word' id='word_1_379' title='bbox 724 3502 833 3564; x_wconf 85' lang='lat' dir='ltr'>veritas,</span> <span class='ocrx_word' id='word_1_380' title='bbox 846 3500 954 3552; x_wconf 86' lang='lat' dir='ltr'>etiamsi</span> <span class='ocrx_word' id='word_1_381' title='bbox 967 3499 1084 3551; x_wconf 88' lang='lat' dir='ltr'>iucunda</span> <span class='ocrx_word' id='word_1_382' title='bbox 1103 3517 1158 3551; x_wconf 91' lang='lat' dir='ltr'>non</span> <span class='ocrx_word' id='word_1_383' title='bbox 1177 3505 1228 3566; x_wconf 85' lang='lat' dir='ltr'>est,</span> <span class='ocrx_word' id='word_1_384' title='bbox 1246 3498 1313 3551; x_wconf 85' lang='lat' dir='ltr'>mihi</span> 
     </span>
     <span class='ocr_line' id='line_1_41' title="bbox 198 3568 1313 3637; baseline -0.002 -15"><span class='ocrx_word' id='word_1_385' title='bbox 198 3577 289 3622; x_wconf 87' lang='lat' dir='ltr'>temen</span> <span class='ocrx_word' id='word_1_386' title='bbox 311 3578 392 3636; x_wconf 85' lang='lat' dir='ltr'>grata</span> <span class='ocrx_word' id='word_1_387' title='bbox 410 3575 464 3633; x_wconf 85' lang='lat' dir='ltr'>est;</span> <span class='ocrx_word' id='word_1_388' title='bbox 488 3568 572 3621; x_wconf 89' lang='lat' dir='ltr'>daher</span> <span class='ocrx_word' id='word_1_389' title='bbox 591 3570 661 3622; x_wconf 90' lang='lat' dir='ltr'>auch</span> <span class='ocrx_word' id='word_1_390' title='bbox 678 3568 896 3637; x_wconf 87' lang='lat' dir='ltr'>gunstbringend</span> <span class='ocrx_word' id='word_1_391' title='bbox 919 3584 941 3619; x_wconf 86' lang='lat' dir='ltr'>c.</span> <span class='ocrx_word' id='word_1_392' title='bbox 960 3571 1003 3630; x_wconf 93' lang='grc'>21,</span> <span class='ocrx_word' id='word_1_393' title='bbox 1020 3572 1043 3620; x_wconf 89' lang='grc'>2.</span> <span class='ocrx_word' id='word_1_394' title='bbox 1065 3597 1096 3606; x_wconf 90' lang='grc'>-</span> <span class='ocrx_word' id='word_1_395' title='bbox 1114 3570 1313 3629; x_wconf 83' lang='lat' dir='ltr'>verecundiue;</span> 
     </span>
     <span class='ocr_line' id='line_1_42' title="bbox 197 3634 1313 3704; baseline -0.004 -15"><span class='ocrx_word' id='word_1_396' title='bbox 197 3637 265 3689; x_wconf 82' lang='lat' dir='ltr'>iiber</span> <span class='ocrx_word' id='word_1_397' title='bbox 286 3636 338 3688; x_wconf 89' lang='lat' dir='ltr'>deu</span> <span class='ocrx_word' id='word_1_398' title='bbox 356 3637 534 3704; x_wconf 72' lang='lat' dir='ltr'>Comparatio</span> <span class='ocrx_word' id='word_1_399' title='bbox 556 3637 610 3704; x_wconf 79' lang='lat' dir='ltr'>vgl.</span> <span class='ocrx_word' id='word_1_400' title='bbox 629 3639 651 3699; x_wconf 89' lang='lat' dir='ltr'>I,</span> <span class='ocrx_word' id='word_1_401' title='bbox 672 3656 695 3690; x_wconf 88' lang='lat' dir='ltr'>c.</span> <span class='ocrx_word' id='word_1_402' title='bbox 715 3642 755 3696; x_wconf 87' lang='grc'>36,</span> <span class='ocrx_word' id='word_1_403' title='bbox 774 3643 803 3702; x_wconf 87' lang='grc'>3;</span> <span class='ocrx_word' id='word_1_404' title='bbox 829 3635 878 3689; x_wconf 90' lang='lat' dir='ltr'>mit</span> <span class='ocrx_word' id='word_1_405' title='bbox 900 3634 1005 3701; x_wconf 89' lang='lat' dir='ltr'>einiger</span> <span class='ocrx_word' id='word_1_406' title='bbox 1027 3635 1126 3690; x_wconf 88' lang='lat' dir='ltr'>Scheu.</span> <span class='ocrx_word' id='word_1_407' title='bbox 1147 3663 1176 3672; x_wconf 91' lang='lat'><em>-</em></span> <span class='ocrx_word' id='word_1_408' title='bbox 1199 3654 1250 3703; x_wconf 88' lang='lat' dir='ltr'>pro</span> <span class='ocrx_word' id='word_1_409' title='bbox 1271 3644 1313 3687; x_wconf 87' lang='lat' dir='ltr'>ter</span> 
     </span>
     <span class='ocr_line' id='line_1_43' title="bbox 198 3655 1312 3771; baseline -0.003 -14"><span class='ocrx_word' id='word_1_410' title='bbox 198 3706 372 3771; x_wconf 62' lang='lat' dir='ltr'>Pompeium</span> <span class='ocrx_word' id='word_1_411' title='bbox 390 3704 453 3756; x_wconf 90' lang='lat' dir='ltr'>weil</span> <span class='ocrx_word' id='word_1_412' title='bbox 465 3704 496 3758; x_wconf 90' lang='lat' dir='ltr'>P.</span> <span class='ocrx_word' id='word_1_413' title='bbox 517 3705 561 3756; x_wconf 90' lang='lat' dir='ltr'>ein</span> <span class='ocrx_word' id='word_1_414' title='bbox 580 3705 686 3758; x_wconf 88' lang='lat' dir='ltr'>solehes</span> <span class='ocrx_word' id='word_1_415' title='bbox 698 3705 818 3758; x_wconf 83' lang='lat' dir='ltr'>Theater</span> <span class='ocrx_word' id='word_1_416' title='bbox 836 3706 935 3756; x_wconf 89' lang='lat' dir='ltr'>erbaut</span> <span class='ocrx_word' id='word_1_417' title='bbox 953 3704 1037 3767; x_wconf 90' lang='lat' dir='ltr'>hatte,</span> <span class='ocrx_word' id='word_1_418' title='bbox 1056 3701 1112 3755; x_wconf 87' lang='lat' dir='ltr'>und</span> <span class='ocrx_word' id='word_1_419' title='bbox 1130 3702 1226 3756; x_wconf 87' lang='lat' dir='ltr'>Cicero</span> <span class='ocrx_word' id='word_1_420' title='bbox 1245 3655 1312 3754; x_wconf 78' lang='lat' dir='ltr'>‹len-</span> 
     </span>
     <span class='ocr_line' id='line_1_44' title="bbox 197 3771 1310 3838; baseline -0.002 -14"><span class='ocrx_word' id='word_1_421' title='bbox 197 3771 289 3824; x_wconf 90' lang='lat' dir='ltr'>selben</span> <span class='ocrx_word' id='word_1_422' title='bbox 309 3788 361 3823; x_wconf 89' lang='lat' dir='ltr'>nur</span> <span class='ocrx_word' id='word_1_423' title='bbox 381 3789 484 3838; x_wconf 87' lang='lat' dir='ltr'>nngeru</span> <span class='ocrx_word' id='word_1_424' title='bbox 504 3773 614 3827; x_wconf 83' lang='lat' dir='ltr'>tadelte.</span> <span class='ocrx_word' id='word_1_425' title='bbox 635 3802 668 3812; x_wconf 90' lang='lat'><em>-</em></span> <span class='ocrx_word' id='word_1_426' title='bbox 687 3775 837 3826; x_wconf 82' lang='lat' dir='ltr'>doctissimi</span> <span class='ocrx_word' id='word_1_427' title='bbox 856 3772 927 3824; x_wconf 91' lang='lat' dir='ltr'>ohne</span> <span class='ocrx_word' id='word_1_428' title='bbox 944 3771 1123 3824; x_wconf 76' lang='lat' dir='ltr'>Substantia:</span> <span class='ocrx_word' id='word_1_429' title='bbox 1146 3788 1166 3823; x_wconf 90' lang='lat' dir='ltr'>s.</span> <span class='ocrx_word' id='word_1_430' title='bbox 1186 3788 1208 3822; x_wconf 92' lang='lat' dir='ltr'>c.</span> <span class='ocrx_word' id='word_1_431' title='bbox 1228 3776 1268 3834; x_wconf 84' lang='lat'>14,</span> <span class='ocrx_word' id='word_1_432' title='bbox 1286 3775 1310 3822; x_wconf 91' lang='grc'>2.</span> 
     </span>
     <span class='ocr_line' id='line_1_45' title="bbox 198 3841 753 3909; baseline 0.007 -19"><span class='ocrx_word' id='word_1_433' title='bbox 198 3868 231 3877; x_wconf 96' lang='grc'>-</span> <span class='ocrx_word' id='word_1_434' title='bbox 249 3857 307 3891; x_wconf 79' lang='lat' dir='ltr'>noo</span> <span class='ocrx_word' id='word_1_435' title='bbox 324 3841 535 3909; x_wconf 81' lang='lat' dir='ltr'>interpretatus,</span> <span class='ocrx_word' id='word_1_436' title='bbox 555 3841 608 3908; x_wconf 85' lang='lat' dir='ltr'>vgl.</span> <span class='ocrx_word' id='word_1_437' title='bbox 627 3841 652 3908; x_wconf 88' lang='grc' dir='ltr'>Ι,</span> <span class='ocrx_word' id='word_1_438' title='bbox 669 3846 695 3906; x_wconf 85' lang='grc'>2,</span> <span class='ocrx_word' id='word_1_439' title='bbox 714 3846 753 3894; x_wconf 88' lang='grc'>10.</span> 
     </span>
    </p>

    <p class='ocr_par' dir='ltr' id='par_1_7' title="bbox 197 3904 1315 4314">
     <span class='ocr_line' id='line_1_46' title="bbox 267 3904 1312 3978; baseline -0.004 -20"><span class='ocrx_word' id='word_1_440' title='bbox 267 3912 307 3959; x_wconf 92' lang='grc'>11.</span> <span class='ocrx_word' id='word_1_441' title='bbox 326 3915 436 3959; x_wconf 82' lang='lat' dir='ltr'>tantam</span> <span class='ocrx_word' id='word_1_442' title='bbox 459 3927 525 3978; x_wconf 73' lang='lat' dir='ltr'>pec,</span> <span class='ocrx_word' id='word_1_443' title='bbox 548 3909 615 3961; x_wconf 78' lang='lat' dir='ltr'>fiber</span> <span class='ocrx_word' id='word_1_444' title='bbox 637 3914 704 3964; x_wconf 89' lang='grc'>2000</span> <span class='ocrx_word' id='word_1_445' title='bbox 722 3908 838 3961; x_wconf 87' lang='lat' dir='ltr'>attische</span> <span class='ocrx_word' id='word_1_446' title='bbox 856 3907 972 3960; x_wconf 85' lang='lat' dir='ltr'>Telente</span> <span class='ocrx_word' id='word_1_447' title='bbox 995 3911 1020 3971; x_wconf 85' lang='lat'>(1</span> <span class='ocrx_word' id='word_1_448' title='bbox 1041 3914 1090 3959; x_wconf 88' lang='lat' dir='ltr'>att.</span> <span class='ocrx_word' id='word_1_449' title='bbox 1113 3905 1175 3960; x_wconf 88' lang='lat' dir='ltr'>Tal.</span> <span class='ocrx_word' id='word_1_450' title='bbox 1198 3904 1312 3956; x_wconf 86' lang='lat' dir='ltr'>beinahe</span> 
     </span>
     <span class='ocr_line' id='line_1_47' title="bbox 199 3971 1313 4043; baseline -0.006 -14"><span class='ocrx_word' id='word_1_451' title='bbox 199 3980 265 4029; x_wconf 86' lang='grc'>1400</span> <span class='ocrx_word' id='word_1_452' title='bbox 283 3973 360 4028; x_wconf 86' lang='lat' dir='ltr'>Tblr.</span> <span class='ocrx_word' id='word_1_453' title='bbox 381 3975 490 4043; x_wconf 66' lang='lat' dir='ltr'>Coum).</span> <span class='ocrx_word' id='word_1_454' title='bbox 508 4006 541 4014; x_wconf 86' lang='lat'><em>-</em></span> <span class='ocrx_word' id='word_1_455' title='bbox 560 3985 659 4030; x_wconf 81' lang='lat' dir='ltr'>tantus</span> <span class='ocrx_word' id='word_1_456' title='bbox 682 3978 752 4029; x_wconf 90' lang='lat' dir='ltr'>ohne</span> <span class='ocrx_word' id='word_1_457' title='bbox 770 3977 814 4029; x_wconf 90' lang='lat' dir='ltr'>ein</span> <span class='ocrx_word' id='word_1_458' title='bbox 837 3975 1001 4028; x_wconf 88' lang='lat' dir='ltr'>bestimmtes</span> <span class='ocrx_word' id='word_1_459' title='bbox 1020 3983 1156 4042; x_wconf 81' lang='lat' dir='ltr'>quantoe;</span> <span class='ocrx_word' id='word_1_460' title='bbox 1185 3989 1240 4023; x_wconf 86' lang='lat' dir='ltr'>was</span> <span class='ocrx_word' id='word_1_461' title='bbox 1263 3971 1313 4023; x_wconf 88' lang='lat' dir='ltr'>hat</span> 
     </span>
     <span class='ocr_line' id='line_1_48' title="bbox 198 4038 1311 4113; baseline -0.005 -17"><span class='ocrx_word' id='word_1_462' title='bbox 198 4061 260 4096; x_wconf 87' lang='lat' dir='ltr'>man</span> <span class='ocrx_word' id='word_1_463' title='bbox 284 4043 312 4095; x_wconf 92' lang='lat' dir='ltr'>in</span> <span class='ocrx_word' id='word_1_464' title='bbox 333 4042 484 4097; x_wconf 85' lang='lat' dir='ltr'>Gedanlren</span> <span class='ocrx_word' id='word_1_465' title='bbox 511 4044 590 4097; x_wconf 89' lang='lat' dir='ltr'>dabei</span> <span class='ocrx_word' id='word_1_466' title='bbox 616 4062 651 4097; x_wconf 82' lang='lat' dir='ltr'>zu</span> <span class='ocrx_word' id='word_1_467' title='bbox 679 4045 839 4113; x_wconf 78' lang='lat' dir='ltr'>erg&#39;a&#39;naeni</span> <span class='ocrx_word' id='word_1_468' title='bbox 861 4079 894 4088; x_wconf 83' lang='lat'>-</span> <span class='ocrx_word' id='word_1_469' title='bbox 912 4044 1067 4109; x_wconf 79' lang='lat' dir='ltr'>Propylaea</span> <span class='ocrx_word' id='word_1_470' title='bbox 1093 4040 1137 4091; x_wconf 91' lang='lat' dir='ltr'>die</span> <span class='ocrx_word' id='word_1_471' title='bbox 1164 4038 1311 4091; x_wconf 87' lang='lat' dir='ltr'>Vorhallen</span> 
     </span>
     <span class='ocr_line' id='line_1_49' title="bbox 197 4107 1314 4180; baseline -0.006 -16"><span class='ocrx_word' id='word_1_472' title='bbox 197 4112 244 4164; x_wconf 88' lang='lat' dir='ltr'>des</span> <span class='ocrx_word' id='word_1_473' title='bbox 262 4111 390 4179; x_wconf 84' lang='lat' dir='ltr'>Tempels</span> <span class='ocrx_word' id='word_1_474' title='bbox 411 4111 460 4164; x_wconf 87' lang='lat' dir='ltr'>der</span> <span class='ocrx_word' id='word_1_475' title='bbox 478 4112 592 4163; x_wconf 87' lang='lat' dir='ltr'>Athene.</span> <span class='ocrx_word' id='word_1_476' title='bbox 611 4141 644 4150; x_wconf 92' lang='lat'>-·</span> <span class='ocrx_word' id='word_1_477' title='bbox 663 4115 696 4166; x_wconf 85' lang='lat' dir='ltr'>de</span> <span class='ocrx_word' id='word_1_478' title='bbox 719 4132 748 4164; x_wconf 86' lang='lat' dir='ltr'>re</span> <span class='ocrx_word' id='word_1_479' title='bbox 767 4114 888 4180; x_wconf 81' lang='lat' dir='ltr'>publico,</span> <span class='ocrx_word' id='word_1_480' title='bbox 911 4114 927 4162; x_wconf 87' lang='grc'><strong>6</strong></span> <span class='ocrx_word' id='word_1_481' title='bbox 947 4109 1063 4174; x_wconf 86' lang='lat' dir='ltr'>Biicher,</span> <span class='ocrx_word' id='word_1_482' title='bbox 1085 4107 1187 4159; x_wconf 85' lang='lat' dir='ltr'>welche</span> <span class='ocrx_word' id='word_1_483' title='bbox 1206 4107 1314 4174; x_wconf 81' lang='lat' dir='ltr'>Angelo</span> 
     </span>
     <span class='ocr_line' id='line_1_50' title="bbox 198 4174 1312 4248; baseline -0.004 -17"><span class='ocrx_word' id='word_1_484' title='bbox 198 4179 275 4246; x_wconf 88' lang='lat' dir='ltr'>Majo</span> <span class='ocrx_word' id='word_1_485' title='bbox 296 4183 359 4233; x_wconf 89' lang='grc'>1822</span> <span class='ocrx_word' id='word_1_486' title='bbox 377 4179 406 4231; x_wconf 91' lang='lat' dir='ltr'>iu</span> <span class='ocrx_word' id='word_1_487' title='bbox 424 4179 511 4231; x_wconf 86' lang='lat' dir='ltr'>einem</span> <span class='ocrx_word' id='word_1_488' title='bbox 530 4179 695 4248; x_wconf 84' lang='lat' dir='ltr'>Palimpsest</span> <span class='ocrx_word' id='word_1_489' title='bbox 712 4191 774 4232; x_wconf 81' lang='lat' dir='ltr'>aum</span> <span class='ocrx_word' id='word_1_490' title='bbox 786 4179 867 4232; x_wconf 87' lang='lat' dir='ltr'>Theil</span> <span class='ocrx_word' id='word_1_491' title='bbox 887 4177 987 4231; x_wconf 88' lang='lat' dir='ltr'>wieder</span> <span class='ocrx_word' id='word_1_492' title='bbox 1005 4174 1188 4244; x_wconf 82' lang='lat' dir='ltr'>ausgefunden</span> <span class='ocrx_word' id='word_1_493' title='bbox 1201 4175 1258 4229; x_wconf 84' lang='lat' dir='ltr'>liat.</span> <span class='ocrx_word' id='word_1_494' title='bbox 1279 4203 1312 4213; x_wconf 89' lang='lat'>-</span> 
     </span>
     <span class='ocr_line' id='line_1_51' title="bbox 199 4243 1315 4314; baseline -0.003 -17"><span class='ocrx_word' id='word_1_495' title='bbox 199 4249 281 4312; x_wconf 83' lang='lat' dir='ltr'>ratio,</span> <span class='ocrx_word' id='word_1_496' title='bbox 305 4246 361 4314; x_wconf 82' lang='lat' dir='ltr'>vgl.</span> <span class='ocrx_word' id='word_1_497' title='bbox 379 4248 404 4314; x_wconf 90' lang='grc' dir='ltr'>Ι,</span> <span class='ocrx_word' id='word_1_498' title='bbox 422 4253 446 4312; x_wconf 87' lang='grc'>3,</span> <span class='ocrx_word' id='word_1_499' title='bbox 465 4252 489 4300; x_wconf 80' lang='grc'>7.</span> <span class='ocrx_word' id='word_1_500' title='bbox 509 4276 540 4284; x_wconf 89' lang='grc'>-</span> <span class='ocrx_word' id='word_1_501' title='bbox 562 4265 661 4314; x_wconf 81' lang='lat' dir='ltr'>genere</span> <span class='ocrx_word' id='word_1_502' title='bbox 686 4248 777 4301; x_wconf 87' lang='lat' dir='ltr'>seiner</span> <span class='ocrx_word' id='word_1_503' title='bbox 801 4244 1036 4314; x_wconf 72' lang='lat' dir='ltr'>Gattuugnach,</span> <span class='ocrx_word' id='word_1_504' title='bbox 1058 4243 1085 4297; x_wconf 89' lang='lat' dir='ltr'>d.</span> <span class='ocrx_word' id='word_1_505' title='bbox 1108 4244 1135 4298; x_wconf 91' lang='lat' dir='ltr'>h.</span> <span class='ocrx_word' id='word_1_506' title='bbox 1159 4243 1195 4296; x_wconf 86' lang='lat' dir='ltr'>im</span> <span class='ocrx_word' id='word_1_507' title='bbox 1220 4243 1315 4310; x_wconf 81' lang='lat' dir='ltr'>Allge-</span> 
     </span>
    </p>
   </div>
   <div class='ocr_carea' id='block_1_4' title="bbox 0 0 1418 4748">
    <p class='ocr_par' dir='ltr' id='par_1_8' title="bbox 0 0 1418 4748">
     <span class='ocr_line' id='line_1_52' title="bbox 0 0 1418 4748; baseline 0 0"><span class='ocrx_word' id='word_1_508' title='bbox 0 0 1418 4748; x_wconf 95' lang='lat' dir='ltr'> </span> 
     </span>
    </p>
   </div>
  </div>
 </body>
</html>
