2826 4748
237 269 298 332 180
681 285 729 331 uu
752 283 901 332 orrrcus

225 424 339 501 negotii
362 422 473 492 dicunt,
498 421 572 483 nihil
590 421 733 482 euluthere
749 422 845 491 elteri,
869 422 921 484 sed
939 440 1043 484 eorum
1061 425 1161 488 etiarn.
1186 425 1237 502 qui
1261 423 1352 484 deum

224 525 343 586 semper
366 525 454 586 egere
470 506 582 585 aliquid
610 514 641 567 et
655 505 754 566 moliri
768 507 884 567 volunt:
909 525 1059 587 nunquam
1076 525 1132 568 nec
1146 508 1235 568 irasci
1251 507 1351 578 deum',

194 599 210 647 5
231 610 285 652 nec
308 609 427 652 nocere.
473 590 549 660 Quid
573 599 673 653 autem
697 593 790 651 iratus
813 592 948 669 luppiter
971 592 1038 669 plus
1060 609 1171 651 nocere
1194 593 1350 672 potuisset,

228 694 315 755 quem
340 679 443 736 nocuit
465 672 522 734 sibi
543 675 607 755 ipse
630 675 783 753 Regulus?
811 673 898 735 Nulla
921 678 1014 753 igitur
1038 677 1080 735 vis
1102 676 1160 735 luit
1181 677 1349 754 religionis,

192 767 303 839 oquae
331 768 442 821 tanturn
471 758 630 820 utilitatem
659 767 872 836 praeverteret.
921 766 966 820 An
997 778 1035 820 ne
1064 763 1191 840 turpiter
1218 762 1350 821 luceret?

228 845 378 913 Primum,
406 846 530 904 minima
553 845 590 904 de
614 843 717 904 malis:
747 862 818 904 num
848 845 941 922 igitur
963 851 1078 905 tentum
1102 845 1172 905 mali
1197 844 1349 924 turpitudo

196 930 284 988 rista
308 927 451 998 habehat,
481 938 625 1008 quantum
649 927 700 989 ille
724 929 889 989 eruciatus?
917 929 1032 989 Deinde
1059 927 1132 988 illud
1156 932 1247 990 etiarn
1270 929 1350 1008 opud

227 1013 348 1081 Attium,

840 1100 1007 1172 Freqr'str'n’
1027 1094 1135 1171 fidem?

427 1183 530 1257 Neque
553 1184 635 1256 dedi,
660 1199 755 1256 neque
777 1183 815 1241 do
837 1185 954 1255 infideli
973 1185 1124 1259 cuiqnam,

225 1283 406 1345 quamquam
439 1266 476 1325 ob
509 1267 601 1344 impio
636 1283 708 1344 rege
747 1266 871 1335 dicitur,
910 1266 1064 1328 luculente
1097 1277 1194 1327 tumen
1229 1266 1349 1327 dicitur.

192 1346 298 1410 8103.
323 1349 442 1410 Addunt
465 1351 570 1410 etiam:
600 1349 850 1428 quemadmodum
880 1367 935 1410 nos
963 1349 1106 1418 dicamus,
1137 1350 1233 1411 videri
1256 1368 1347 1429 quae·

225 1434 293 1494 darn
310 1434 402 1504 utilio,
426 1452 502 1514 quae
518 1453 578 1495 nou
595 1437 671 1506 sint;
695 1436 739 1495 sic
753 1453 786 1494 se
801 1434 911 1504 dicere,
935 1433 1030 1496 videri
1053 1435 1196 1515 quaedam
1213 1435 1348 1514 honesta,

224 1537 299 1598 quoe
323 1537 381 1579 non
415 1520 490 1579 sint:
514 1525 548 1579 ut
578 1519 635 1580 hoc
664 1519 761 1598 ipsum
790 1517 907 1577 videtur
941 1519 1114 1589 honesturn,
1151 1520 1349 1581 conservandi

223 1602 418 1663 iurisiurandi
441 1621 527 1663 causa
544 1602 579 1664 ad
598 1605 762 1664 cruciatum
779 1605 955 1670 revertisse;
980 1603 1033 1663 sed
1050 1605 1158 1664 utnon
1177 1602 1347 1674 honestum,

225 1688 303 1763 quia,
327 1687 406 1766 quod
429 1706 484 1766 per
506 1690 564 1748 vim
581 1688 713 1748 hostiurn
730 1694 809 1748 esset
823 1694 937 1755 ectum,
961 1694 1058 1748 retum
1075 1707 1140 1748 esse
1158 1706 1217 1748 nou
1233 1688 1348 1749 debuit.

191 1777 207 1824 9
226 1771 344 1831 Addunt
365 1774 472 1831 etiam:
496 1771 637 1851 quicquid
658 1770 742 1831 valde
757 1771 828 1832 utile
844 1772 890 1841 sit,
907 1770 936 1830 id
952 1772 1018 1831 fieri
1033 1773 1201 1840 honestum,
1227 1775 1349 1834 etiamsi

223 1862 307 1915 antea
336 1874 394 1916 nou
424 1855 582 1917 videretur.
627 1856 709 1916 llaec
737 1855 801 1916 lere
830 1863 933 1916 contre
962 1855 1118 1935 Regulum.
1167 1856 1224 1917 Sed
1247 1859 1347 1935 prima

227 1938 391 2001 videamus.
989 1952 992 1957 ·

172 2027 214 2090 29
311 2021 381 2084 104;
406 2026 491 2094 „Non
515 2025 572 2086 luit
592 2026 727 2103 luppiter
749 2024 936 2095 metuendus,
959 2044 998 2086 ne
1020 2027 1113 2087 iratus
1129 2031 1267 2086 noceret:
1291 2025 1343 2104 qui

190 2134 205 2179 2
225 2125 322 2187 neque
343 2109 432 2170 irasci
456 2109 538 2179 solet,
563 2127 619 2170 nec
641 2117 784 2170 nocere.“
821 2110 901 2170 Haeo
917 2110 1037 2187 quidem
1061 2112 1139 2172 ratio
1162 2127 1222 2169 non
1246 2111 1343 2186 magis

190 2201 327 2271 3contru
359 2192 480 2271 Reguli,
513 2212 601 2274 quam
625 2203 729 2255 contra
752 2211 839 2254 omne
867 2194 1073 2255 iusiurandum
1097 2195 1185 2255 valet.
1231 2193 1290 2254 Sed
1312 2194 1345 2254 in

223 2277 427 2347 iureiurando,
453 2295 514 2338 uon
532 2281 583 2358 qui
599 2287 704 2348 metus,
730 2279 781 2338 sed
805 2295 880 2354 quoe
902 2280 948 2337 vis
962 2280 1009 2348 sit,
1027 2277 1117 2339 debet
1132 2276 1270 2355 intelligi.
1295 2277 1347 2339 Est

227 2425 307 2488 (nihil
326 2425 430 2492 negotii
442 2426 541 2478 habere
554 2443 581 2478 u.
598 2425 710 2491 exhib.).
724 2454 757 2467 -
770 2427 818 2477 ced
837 2443 944 2486 eorunm
962 2425 1011 2478 der
1022 2425 1144 2488 Stoiker,
1163 2425 1252 2479 denen
1265 2425 1346 2479 deriu

224 2492 267 2543 die
284 2493 466 2545 Alcademiker
478 2493 534 2544 und
548 2493 753 2560 Peripatetiker
764 2491 957 2545 beietirnmten.
969 2523 1000 2531 -
1016 2495 1105 2546 Nullo
1118 2495 1221 2560 initum
1233 2494 1347 2547 Schluer

224 2559 272 2610 der
291 2561 417 2626 Gegnerr
436 2577 517 2611 wenn
536 2560 580 2612 die
598 2561 698 2613 Gdtter
718 2559 796 2611 nicht
814 2559 919 2612 zrirnen
939 2560 994 2612 und
1010 2561 1126 2629 straten,
1146 2561 1203 2613 und
1215 2579 1297 2614 weun
1308 2561 1348 2614 rie

224 2625 283 2677 dem
303 2625 426 2693 Regulus
444 2627 514 2680 doch
529 2628 619 2680 niohte
632 2627 823 2680 Schlimmeree
837 2628 907 2679 thun
927 2629 1058 2688 konnten,
1079 2629 1118 2680 ale
1136 2645 1166 2680 er
1183 2629 1241 2680 sich
1258 2629 1345 2682 selbet

225 2694 325 2745 anthat
342 2721 375 2731 —
393 2713 423 2747 so
441 2695 545 2747 konnte
563 2694 607 2747 die
620 2695 748 2762 religidse
762 2694 991 2747 Bedenilichkeit
1003 2697 1126 2763 (religio)
1139 2696 1203 2748 kein
1217 2696 1346 2749 Gewicht

226 2759 293 2826 (uie)
307 2760 527 2829 habeu,welches
539 2762 592 2814 den
605 2761 731 2814 Vortheil
742 2762 788 2815 des
801 2762 971 2815 Eidbruchee
984 2763 1115 2830 riberwog
1125 2765 1346 2832 (praeverteret).

292 2832 318 2881 5.
336 2838 538 2896 praeverteret5
562 2830 611 2882 des
629 2830 712 2882 Wort
735 2830 774 2882 iet
796 2830 947 2898 allerdiuge
965 2831 1028 2883 sehr
1046 2830 1223 2891 zweilelhult,
1242 2830 1278 2883 du
1296 2850 1345 2898 per

225 2894 283 2946 und
304 2914 373 2964 prae
395 2897 478 2949 leicht
495 2897 675 2950 verwechrelt
693 2896 803 2948 werden
827 2899 961 2962 honnten,
983 2898 1038 2951 und
1056 2903 1231 2967 praevertere
1249 2898 1278 2949 in
1297 2897 1345 2950 der

225 2962 370 3016 Bedeutun
396 2983 404 3016 e
423 2964 609 3031 fiberwiegen,
625 2964 683 3018 sich
701 2973 780 3016 sonet
797 2966 843 3016 uie
861 2965 959 3019 lindet.
996 2967 1069 3018 Aber
1087 2965 1157 3018 euch
1175 2974 1346 3032 perverteret

224 3029 262 3082 iet
278 3030 349 3082 doch
372 2981 433 3099 ⁸{ier
457 3032 533 3084 nieht
554 3032 602 3084 des
622 3031 781 3100 pessendste
799 3032 930 3099 Verbum,
951 3032 1007 3084 und
1045 3032 1200 3085 reeveniret
1218 3033 1346 3085 offeubar

225 3097 287 3149 eine
307 3099 500 3157 rerbeseernde
519 3099 616 3152 Glosee
635 3115 690 3152 rou
709 3107 895 3167 praevertere,
919 3098 996 3151 nicht
1013 3051 1078 3152 aler
1095 3116 1150 3151 von
1169 3108 1341 3168 pervertere3

224 3164 279 3231 vgl.
299 3183 322 3217 c.
341 3171 385 3233 23,
403 3173 419 3220 3
436 3166 579 3219 iniurium.

290 3236 315 3283 6.
334 3235 378 3286 An
390 3252 425 3286 ne
436 3258 470 3279 =
482 3236 518 3287 uh
536 3235 597 3286 ideo
609 3233 799 3287 iusiurandum
811 3241 942 3293 servaret,
963 3251 1016 3286 ne.
1034 3273 1040 3286 .
1056 3277 1061 3289 .
1082 3235 1159 3301 Dege
1180 3252 1214 3287 en
1228 3234 1344 3286 wenden

222 3297 262 3350 eie
275 3299 409 3352 zweierlei
420 3301 480 3353 ein:
500 3304 526 3364 1)
544 3301 607 3356 duee
626 3319 688 3354 man
707 3319 759 3354 von
779 3301 911 3354 2Uebelu
925 3301 973 3353 dee
985 3300 1106 3354 kleinere
1120 3251 1226 3355 w'e'lleu
1240 3303 1343 3362 mdsre;

222 3365 252 3430 2)
271 3366 332 3418 duee
351 3385 413 3420 rnen
431 3369 521 3420 einem
540 3369 680 3422 treuloeen
698 3369 802 3422 Feinde
819 3369 976 3436 gegendber
998 3368 1076 3422 nicht
1092 3370 1175 3422 Wort
1193 3386 1227 3419 zu
1247 3368 1341 3419 hulten

224 3433 356 3487 bruncho.
375 3464 408 3473 —
426 3437 540 3488 minima
559 3439 592 3488 de
610 3439 691 3489 malie
709 3455 746 3490 ec.
763 3436 891 3503 eligenda
908 3445 984 3502 eunt,
1002 3436 1046 3487 eiu
1064 3436 1255 3503 Sprdchwort.

291 3506 315 3554 7.
336 3504 458 3563 Attium
475 3502 530 3570 vgl.
550 3520 584 3555 zu
603 3521 626 3556 c.
643 3509 687 3566 21,
708 3510 747 3557 12.
762 3532 793 3542 —-
805 3505 962 3570 Freqietine
978 3506 1000 3569 f.
1020 3504 1110 3582 Fruge
1125 3502 1171 3554 des
1183 3502 1336 3570 Thyestem

223 3567 319 3635 Neque
343 3572 406 3622 dedi
425 3610 431 3622 .
451 3611 458 3625 .
477 3611 484 3625 .
509 3573 640 3624 Autwort
657 3571 703 3622 dee
723 3572 832 3623 Atreus.
852 3606 885 3614 -
904 3572 1044 3623 luculente
1062 3569 1254 3622 ernleuchteud
1273 3567 1343 3636 (vgl.

224 3653 246 3692 c,
267 3640 306 3697 14,
326 3640 384 3755 Ιοζ,
403 3637 461 3690 hier
473 3639 523 3691 mit
537 3638 596 3691 deni
610 3637 730 3705 Begriffr
749 3637 863 3704 richtig,
882 3638 933 3690 wie
945 3655 994 3690 eur
1006 3637 1066 3689 dem
1080 3639 1237 3757 Gegtrneetz
1256 3639 1343 3706 impio

225 3703 357 3820 herzcrge
377 3714 403 3772 t,
422 3705 510 3758 durch
532 3706 585 3758 den
608 3706 653 3758 die
671 3705 775 3757 Person
799 3705 936 3772 getedelt,
959 3706 1024 3758 eber
1046 3704 1106 3757 ihre
1165 3711 1224 3758 orte
1247 3705 1342 3772 gelobt

224 3786 280 3821 wer
299 3787 342 3823 en.

290 3842 316 3891 8.
335 3840 386 3890 hoe
402 3841 507 3908 iprum,
532 3840 649 3892 ndmlich
672 3839 832 3904 revertieee3
855 3839 910 3905 rgl.
934 3839 970 3899 11,
988 3843 1031 3905 24,
1051 3843 1075 3895 6.
1095 3867 1128 3879 -
1143 3842 1194 3907 fit;
1218 3838 1341 3892 desselhe

223 3904 345 3974 Subjeot
358 3907 411 3958 wie
424 3924 458 3959 zu
471 3908 589 3965 videtur,
602 3937 634 3946 -
647 3926 697 3978 per
707 3909 761 3961 uim
773 3908 895 3960 hortium
908 3915 990 3959 unter
1002 3906 1153 3975 Verdbuug
1164 3906 1342 3974 feiudreliger

224 3972 494 4041 Geweltthitigkeit,
513 3976 571 4029 eleo
590 3991 789 4042 erzwuugeuer
807 3974 906 4026 Weise.

722 4079 792 4133 Kcr.
809 4080 850 4132 29.

292 4165 316 4216 1.
334 4160 398 4214 Non
415 4190 449 4199 -
465 4177 570 4213 nocere.
602 4161 660 4214 Der
679 4161 812 4213 Einwurl
831 4160 880 4213 der
903 4161 1014 4227 Gegner
1035 4163 1072 4224 (c.
1095 4161 1137 4224 28,
1155 4158 1186 4222 4)
1210 4158 1282 4209 wird
1305 4174 1341 4209 cn

221 4226 266 4279 die
283 4227 381 4296 spitze
398 4227 511 4295 gestellt
529 4228 586 4280 und
605 4229 676 4280 euch
694 4227 783 4295 gleich
803 4227 952 4295 widerlegt.
970 4256 1004 4266 -
1022 4243 1094 4295 quae
1111 4227 1168 4284 vim
1188 4225 1266 4277 nicht
1284 4242 1341 4277 wne
