2826 4748
219 275 261 339 22
658 292 706 337 nu
730 290 887 338 oramus.

184 433 426 511 gprlucipatum.
481 430 532 490 Est
559 440 656 492 autem
684 432 716 490 in
748 426 806 490 hoc
836 447 946 507 genere
980 427 1149 498 molestum,
1182 429 1261 507 quod
1295 431 1329 490 in

219 517 354 576 maximis
382 517 487 575 animis
512 514 813 593 splendidissimisque
841 515 967 592 ingeniis
992 512 1168 593 plerumque
1195 516 1329 575 existunt

219 599 350 670 honorio,
374 602 500 678 imperii,
524 602 682 677 potentiae,
705 599 817 676 gloriae
840 598 1024 678 cupiditates
1069 597 1133 668 Quo
1162 601 1256 676 magis
1279 618 1329 659 ca·

185 685 346 752 nvendum
370 692 421 752 est,
446 702 483 744 ne
506 684 575 764 quid
601 686 631 742 in
658 702 693 743 eo
716 700 824 762 genere
848 691 998 760 peccetur.
1036 679 1087 742 27.
1112 682 1169 743 Sed
1193 683 1222 742 in
1246 685 1330 743 omni

222 770 366 829 iniustitia
390 768 567 847 permultum
583 771 716 837 interest,
740 777 841 828 utrum
864 766 1086 846 perturbatione
1108 767 1202 846 aliqua
1226 769 1329 836 animi,

220 871 293 932 quae
308 852 481 933 plerumque
503 852 601 913 brevis
617 861 661 912 est
683 861 713 912 et
735 851 770 913 ad
787 859 911 930 tempus,
935 869 972 911 an
995 850 1129 912 consulto
1153 859 1180 912 et
1200 854 1328 928 cogitata

171 956 203 1004 10
222 941 270 998 liat
292 940 411 998 iniuria.
449 938 571 997 Leviora
596 939 672 997 enim
696 945 766 996 sunt
782 955 824 1005 ea,
848 954 923 1015 quae
945 939 1101 1014 repentino
1124 936 1221 1015 aliquo
1244 945 1327 997 motu

221 1022 366 1090 accidunt,
390 1041 478 1099 quam
502 1040 544 1088 ea,
569 1040 644 1100 quae
667 1022 805 1083 meditata
829 1029 858 1080 et
873 1031 1047 1100 praeparata
1070 1022 1247 1081 inferuntur.
1285 1023 1328 1082 Ac

221 1108 258 1166 de
280 1107 434 1166 inferenda
458 1107 577 1186 quidem
599 1108 710 1166 iniuria
732 1108 803 1166 satis
825 1105 936 1166 dictum
959 1115 1012 1165 est.

179 1187 199 1250 9
305 1187 356 1251 28.
378 1191 662 1252 Praetermittendae
678 1199 774 1251 autem
797 1191 976 1251 del'ensionis
999 1188 1214 1268 deserendique
1237 1190 1328 1250 cilicii

220 1274 320 1353 plures
348 1275 445 1335 solent
474 1294 536 1336 esse
560 1293 673 1336 causae.
719 1275 792 1336 Nam
822 1283 871 1336 aut
898 1275 1077 1342 inimicitias,
1108 1282 1157 1335 aut
1184 1273 1327 1344 laborem,

220 1368 271 1419 aut
294 1368 427 1437 sumptus
450 1362 601 1439 suscipere
623 1360 742 1428 nolunt;
777 1369 826 1420 aut
853 1360 940 1419 etiam
967 1358 1163 1436 negligentia,
1197 1361 1326 1439 pigritia,

218 1445 342 1515 inertia;
377 1453 425 1503 aut
453 1445 514 1505 suis
543 1444 648 1504 studiis
670 1444 843 1524 quibusdam
867 1444 1145 1521 occupationibusve
1167 1447 1211 1505 sic
1232 1447 1327 1520 impe·

220 1527 352 1597 diuntur,
377 1538 407 1588 ut
431 1548 496 1600 eos,
529 1547 602 1609 quos
624 1531 714 1589 tutari
741 1528 880 1597 debeant,
914 1528 1048 1589 desertos
1077 1547 1140 1590 esse
1166 1530 1328 1608 patiantur.

186 1630 202 1677 2
223 1612 322 1690 ltaque
345 1614 503 1674 videndum
527 1621 585 1681 cst,
613 1631 651 1673 nc
674 1630 732 1672 non
757 1614 828 1673 satis
850 1614 888 1672 sit
910 1612 948 1680 id,
972 1613 1050 1692 quod
1073 1613 1151 1691 apud
1174 1613 1327 1675 Platonem

221 1705 265 1757 est
287 1700 317 1757 in
339 1697 533 1777 philosophos
555 1697 679 1758 dictum:
704 1696 780 1776 quod
796 1696 825 1755 in
841 1698 903 1756 veri
923 1698 1147 1776 investigatione
1162 1706 1325 1766 versentur,

219 1781 355 1860 quodque
379 1801 422 1849 ea,
438 1801 513 1861 quae
529 1781 663 1861 plerique
684 1777 877 1841 vehementer
892 1791 1038 1858 expetant,
1062 1781 1226 1862 dequibus
1247 1785 1326 1842 iuter

186 1881 202 1928 3
221 1885 252 1925 se
275 1866 427 1942 digladiari
444 1866 565 1935 soleant,
589 1875 780 1926 contemnant
796 1874 825 1926 et
838 1883 894 1943 pro
916 1865 1010 1927 nihilo
1032 1875 1145 1945 putent,
1168 1874 1326 1945 propterea

185 1953 313 2012 rinstos
337 1969 412 2012 esse.
449 1952 520 2012 Nam
544 1949 668 2012 alterum
698 1960 909 2031 assequuntur,
945 1952 1001 2030 [in]
1030 1952 1184 2012 inferenda
1214 1969 1250 2013 ne
1278 1954 1325 2012 oui

220 2046 346 2095 noceant
370 2037 493 2106 iniuria;
518 2037 547 2096 in
570 2035 696 2096 alterum
719 2036 869 2097 incidunt:
893 2037 1024 2097 discendi
1048 2039 1124 2097 enim
1149 2037 1245 2097 studio
1268 2039 1324 2097 im·

286 2206 310 2254 8.
330 2203 471 2253 molestum
492 2201 691 2269 unangenebvn,
711 2201 780 2254 fatal
793 2226 826 2246 =
840 2203 961 2254 odiosum
980 2220 1002 2254 c.
1021 2208 1062 2268 19,
1081 2207 1104 2253 6.
1117 2231 1149 2239 -
1166 2203 1328 2282 plerumque

219 2286 315 2335 wegen
334 2269 382 2320 der
402 2268 562 2336 Reziebung
580 2270 630 2320 a'uf
648 2269 699 2320 den
721 2269 962 2336 verbergebeuden
984 2268 1186 2336 superlativ=
1199 2285 1239 2320 am
1258 2270 1327 2321 bau-

217 2337 324 2403 figsten.
339 2364 368 2372 —
384 2339 551 2404 permultum
563 2338 679 2388 interest
691 2353 778 2404 gegen
792 2337 843 2388 den
857 2332 1016 2389 Grundsetz
1031 2338 1079 2388 der
1091 2336 1215 2390 Stoilrer:
1235 2339 1327 2390 omnia

217 2411 330 2472 peccata
348 2420 407 2455 esee
424 2404 513 2472 paria.
527 2431 560 2440 -
573 2406 698 2455 consulto
717 2413 743 2456 et
755 2405 877 2469 cogitata
889 2403 936 2456 das
950 2404 1047 2456 zweite
1060 2404 1167 2457 Adverb
1180 2405 1325 2471 [cogitate]

216 2470 289 2522 nieht
312 2470 408 2522 Cicero
434 2487 495 2522 zum
514 2471 692 2534 Substantiv,
715 2471 819 2523 konnte
841 2472 905 2523 aber
926 2471 996 2525 doch
1019 2470 1063 2524 die
1086 2472 1274 2541 conjunction
1298 2482 1327 2524 et

217 2537 293 2590 nicbt
312 2538 465 2604 ausleseen,
492 2538 578 2591 damit
605 2539 682 2591 nicht
707 2539 831 2591 consulto
861 2539 984 2606 cogitata
1011 2556 1325 2608 zusammengenommen

215 2605 323 2669 wfirde3
342 2624 372 2659 eo
391 2623 413 2662 o.
433 2611 475 2671 30,
494 2611 509 2658 9
530 2608 619 2674 major
637 2607 719 2658 etiam
737 2606 877 2675 magisque
896 2607 928 2658 de
946 2607 1098 2672 industria3
1123 2626 1146 2661 c.
1167 2613 1208 2675 38,
1228 2615 1243 2662 3
1261 2625 1325 2660 raro

215 2672 350 2741 invitique
373 2673 526 2737 veniemue;
546 2674 582 2733 ΙΙ,
602 2679 674 2740 10,6
693 2691 792 2741 magna
811 2687 840 2726 et
852 2683 961 2743 praeter
985 2676 1149 2745 opinionem,
1177 2676 1229 2728 vvie
1257 2675 1324 2726 oben

217 2745 232 2804 §
251 2747 266 2794 9
283 2741 373 2794 brevis
391 2749 419 2794 et
441 2741 474 2794 ed
498 2750 604 2811 tempus
622 2742 656 2794 ad
675 2743 739 2799 sam,
760 2742 825 2805 VII,
843 2748 875 2794 22
899 2743 966 2796 bene
992 2753 1074 2813 potue
1096 2761 1213 2813 seroque
1236 2742 1325 2795 redie-

216 2826 288 2873 ram,
316 2826 356 2877 pr.
380 2810 460 2862 Rosc.
486 2812 545 2863 Am.
568 2816 617 2875 42,
641 2815 690 2864 123
713 2810 785 2879 quod
806 2809 909 2862 invitus
932 2829 964 2863 ac
983 2812 1134 2864 necessario
1153 2812 1234 2865 facio.
1272 2810 1325 2861 Der

216 2876 285 2929 Sinn
299 2877 392 2929 vviirde
403 2877 534 2944 jedesvual
547 2877 633 2930 durch
647 2878 816 2945 Auelassung
827 2878 874 2929 des
889 2879 953 2930 und
966 2879 1122 2931 wesentlicb
1136 2880 1179 2930 ein
1194 2878 1323 2940 anderen

216 2945 350 2996 welcher?
374 2975 408 2983 -
434 2948 568 2998 meditata
591 2945 694 3015 passiv,
723 2947 774 2997 vvie
797 2951 913 3002 c.10.9
956 2953 1033 2999 actae
1057 2946 1112 2999 und
1137 2947 1177 2998 olt
1194 2945 1323 3015 partitus,

215 3029 338 3065 emensus
359 3029 384 3064 u.
404 3030 428 3064 a.
447 3043 480 3050 -
498 3015 655 3079 inscrenda,
673 3032 695 3066 e.
715 3030 739 3067 c.
758 3019 783 3077 2,
801 3019 818 3064 4
836 2964 984 3070 tradendis.

713 3135 783 3187 Kar,
802 3135 825 3182 9.

285 3237 308 3287 1.
327 3233 512 3298 negligentia,
530 3233 616 3300 χήρη,
638 3232 741 3283 inertia
760 3231 868 3283 krinneu
888 3232 1063 3284 Nominative
1081 3232 1148 3296 sein,
1170 3231 1208 3283 als
1226 3233 1321 3300 Appo-

215 3299 296 3352 sition
315 3316 350 3351 zu
369 3317 474 3360 causae,
494 3299 558 3352 oder
577 3298 701 3351 Ablative
720 3315 753 3349 zu
773 3299 967 3367 impediuntur.
988 3335 1021 3344 -
1043 3302 1193 3352 videndum
1211 3308 1264 3365 eet,
1291 3317 1326 3351 ne

215 3386 271 3419 non
289 3369 360 3419 rotie
379 3384 439 3419 man
460 3366 508 3419 bat
523 3366 582 3418 sicb
594 3365 774 3431 vorzuseben,
790 3366 852 3418 dese
865 3368 951 3419 einern
965 3367 1011 3420 des
1024 3367 1139 3434 geonge,
1159 3384 1234 3418 was.
1251 3406 1256 3416 .
1271 3407 1278 3420 .
1292 3396 1325 3405 -

215 3437 245 3487 in
263 3436 456 3504 philosophum
476 3433 593 3486 seltener
606 3433 752 3486 Gebreucb
764 3451 818 3486 von
832 3434 947 3504 aliquem
963 3435 1047 3487 sovlel
1066 3435 1104 3487 als
1123 3434 1151 3485 in
1165 3433 1325 3502 Beeiebung

215 3504 266 3555 aul
288 3503 346 3555 ibn.
371 3532 403 3541 —
426 3508 572 3570 propterea
590 3503 679 3552 iustus
697 3519 769 3562 που
793 3502 909 3553 nimliclr
933 3504 1040 3555 etiamsi
1058 3504 1139 3554 otiosi
1157 3503 1224 3555 sint.
1258 3501 1326 3553 Hier

215 3572 289 3637 zeigt
304 3571 362 3624 eicb
381 3572 429 3623 der
447 3568 628 3621 Uuterscbied
646 3568 783 3621 zwieohen
805 3569 864 3621 dem
883 3569 1056 3637 pralrtiscben
1074 3571 1188 3634 Romer,
1205 3570 1265 3621 dem
1283 3568 1327 3621 die

214 3639 413 3692 wissenschaft
435 3637 506 3690 obne
524 3637 583 3688 ibre
601 3636 786 3703 Anvvenduug
804 3637 860 3688 und
878 3637 1063 3690 Nutzberlreit
1088 3638 1132 3690 liar
1158 3638 1206 3691 dae
1223 3638 1327 3689 offent-

217 3706 289 3758 llcbe
305 3706 397 3758 Leben
429 3705 520 3771 wenig
547 3704 643 3757 Wertb
667 3704 729 3767 bet3
755 3704 810 3756 und
828 3704 886 3756 dem
906 3704 1055 3771 Griecben,
1078 3705 1127 3758 der
1148 3705 1190 3758 die
1214 3706 1327 3757 wissen-

216 3773 376 3825 schaftlicbe
399 3772 615 3840 Bescblit'tigung
637 3790 673 3825 en
698 3773 757 3824 oieb
774 3772 860 3824 echon
877 3772 923 3824 fur
939 3773 1138 3836 verdienstlicb,
1155 3776 1186 3841 ju
1202 3773 1248 3824 fiir
1265 3772 1326 3824 eine

216 3840 412 3892 binreicbende
429 3840 655 3908 Lebensaufgabe
673 3839 718 3892 deo
735 3840 850 3893 Menneu
868 3839 933 3895 hele.

283 3912 306 3959 4.
325 3910 354 3959 ln
374 3909 521 3974 inferenda
545 3910 670 3969 iniuria;
692 3908 736 3960 die
757 3907 934 3978 Pripositiou
958 3911 987 3962 in
1010 3908 1048 3962 ist
1065 3909 1124 3961 bier
1141 3908 1222 3960 laum
1240 3914 1325 3961 etwas

216 3975 338 4028 Anderes
359 3975 398 4027 als
417 3975 460 4027 ein
479 3976 691 4040 Scbreibfebler,
718 3977 790 4028 denn
809 3994 837 4029 es
855 3977 906 4029 soll
922 3982 952 4045 ja
970 3979 1036 4029 eben
1055 3977 1117 4028 bein
1136 3975 1260 4028 Uurecbt
1277 3991 1325 4042 ge·

215 4043 348 4106 ecbeben3
367 4058 438 4110 ganz
457 4043 555 4096 andere
575 4044 612 4096 ist
628 4061 656 4096 es
675 4045 725 4097 mit
741 4045 792 4096 der
809 4044 894 4097 Stelle
912 4045 955 4096 bei
974 4045 1074 4096 Caesar
1091 4044 1117 4095 b.
1137 4045 1171 4095 G.
1193 4043 1225 4109 V,
1245 4049 1276 4096 19
1295 4052 1327 4095 ut

216 4111 346 4232 {triti
360 4110 673 4247 tttl‘lldtt‘lli'
695 4112 1327 4247 lt„ittltt'lltl⁰:iltnttt‘0btultlt

216 4265 244 4298 es
264 4257 349 4300 onteu
377 4266 400 4301 c.
421 4253 462 4313 22,
482 4254 498 4301 9
522 4246 577 4299 und
599 4247 639 4312 ll,
659 4251 700 4312 18,
719 4253 743 4301 7,
762 4277 794 4286 -
818 4250 846 4298 in
867 4251 986 4299 alteram
1008 4248 1151 4310 incidunt,
1175 4263 1229 4298 nun
1247 4244 1326 4298 sollte
