2826 4748
467 297 536 344 ma.
560 297 595 344 n.
628 295 704 343 car.
728 297 936 344 xx11.xx111.
1182 281 1243 346 125

123 447 240 519 putant,
262 438 396 515 gratiam.
427 437 500 498 Nam
523 439 573 497 oui
595 455 644 497 res
667 445 769 513 erepta
793 443 844 505 est,
869 445 913 497 est
928 437 1084 497 inimicus:
1108 437 1292 498 cuidata12

123 531 180 591 est,
204 524 292 583 etiam
315 523 491 590 dissimulat,
515 540 547 581 se
570 522 705 598 accipere
722 522 857 590 voluisse,
875 529 904 581 et
919 521 1045 581 maxime
1063 523 1094 582 in
1110 524 1243 599 pecuniis

122 607 248 668 creditis
270 607 398 667 occultat
420 625 504 666 suurn
528 605 675 683 gaudium,
698 624 736 666 ne
751 605 886 666 videatur
908 624 966 665 nou
982 607 1073 666 luisse
1089 605 1240 667 solvendo.

127 695 164 753 At
185 710 255 751 vero
277 691 342 762 ille,
372 693 422 770 qui
444 692 557 769 accepit
585 692 733 760 iniuriam,
758 700 787 750 et
809 691 950 758 meminit,
982 699 1012 751 et
1033 709 1105 768 prae
1128 709 1160 751 se
1183 691 1242 752 lert
1261 688 1293 736 13

127 776 259 838 dolorem
282 794 384 836 suurn:
408 794 472 842 uec,
489 775 514 835 si
527 775 629 852 plures
644 783 712 835 sunt
731 776 763 843 ii,
787 775 896 853 quihus
911 774 1047 853 improbe
1062 775 1162 836 datum
1185 784 1239 845 est,

124 879 212 939 quarn
228 859 281 930 illl,
305 860 413 940 quibus
427 861 534 920 iniuste
551 860 720 938 ademptum
737 867 790 926 est,
810 860 924 920 idcirco
941 861 1007 938 plus
1027 860 1116 920 etiam
1133 860 1239 921 valent.

127 947 193 1006 Non
216 947 296 1005 enim
319 962 443 1005 numero
465 940 539 1004 haec
561 944 738 1012 iudicantur,
763 943 814 1004 sed
840 944 981 1022 pondero.
1026 942 1119 1016 Quam
1145 952 1242 1005 autern
1262 952 1294 1000 14

125 1029 216 1091 habet
250 1031 442 1108 aequitatem,
481 1037 515 1089 ut
537 1046 639 1106 agrurn
668 1029 769 1089 multis
791 1031 892 1097 annis,
923 1031 1084 1089 autetiam
1107 1028 1241 1099 saeculis

123 1123 196 1175 ante
217 1132 396 1193 possessum,
420 1115 472 1193 qui
494 1113 606 1173 nullum
629 1112 742 1182 habuit,
765 1113 886 1174 haheat:
900 1151 903 1155 ν
919 1116 970 1192 qui
999 1122 1098 1174 autem
1126 1112 1240 1184 habuit,

127 1200 261 1259 amittat?
290 1195 340 1259 80.
364 1203 405 1259 Ac
427 1207 550 1274 propter
579 1197 635 1257 hoc
663 1199 792 1258 iniuriae
817 1215 912 1276 genus
934 1197 1162 1258 Lacedaemonii
1185 1198 1240 1277 Ly·
1251 1194 1293 1259 23

129 1284 271 1344 sandrum
295 1282 440 1362 ephorum
456 1283 646 1361 expulerunt;
670 1285 744 1359 Agin
760 1301 870 1360 regem,
894 1284 972 1362 quod
989 1300 1139 1361 nunquam
1156 1291 1242 1342 antea

128 1368 206 1448 apud
229 1386 279 1428 eos
301 1368 457 1437 acciderat,
481 1376 676 1428 necaverunt,
715 1367 816 1447 Exque
846 1386 881 1427 eo
904 1378 1038 1446 tempore
1061 1375 1158 1427 tantae
1183 1367 1276 1428 dis-2

127 1454 248 1513 cordiae
271 1463 388 1513 secutae
411 1460 489 1520 sunt,
512 1461 545 1512 ut
566 1461 596 1511 at
617 1455 733 1531 tyranni
758 1453 929 1530 existerent,
953 1461 983 1513 et
1005 1454 1168 1530 optimates
1192 1471 1242 1511 ex·

127 1538 369 1605 terminarentur,
393 1545 421 1596 et
439 1536 679 1615 praeclarissime
702 1539 861 1597 constituta
883 1555 932 1596 res
955 1535 1075 1614 publica
1097 1535 1241 1597 dilabere-

128 1631 188 1682 tur.
219 1622 281 1682 Nec
304 1640 373 1681 vero
395 1622 458 1700 ipsa
483 1621 577 1680 solum
602 1620 723 1689 cecidit,
748 1621 800 1681 sed
823 1624 912 1682 etiam
928 1621 1072 1700 reliquam
1089 1621 1242 1681 Graeclam
1261 1625 1276 1672 3

129 1710 233 1766 evertit
262 1705 487 1783 contagionibus
517 1704 678 1773 malorum,
703 1723 779 1784 quae
808 1725 823 1765 a
846 1704 1087 1766 Lacedaemoniis
1109 1707 1242 1784 prolecta

127 1799 289 1851 manarunt
309 1789 406 1850 latius.
451 1789 545 1861 Quid?
574 1798 692 1851 nostros
715 1789 874 1857 Gracchos,
898 1790 941 1849 Ti.
976 1791 1110 1862 Gracchi,
1135 1792 1277 1850 summi4

129 1878 193 1943 viri,
216 1874 301 1942 filios,
326 1876 456 1935 Africani
482 1882 615 1951 nepetae,
639 1892 738 1934 nonne
762 1877 896 1950 agrariae
920 1876 1123 1935 contentiones
1145 1875 1243 1954 perdi·

128 2081 392 2205 aallllhlliilff'
405 2070 1244 2207 ltltlttlfflll⁰ltlill⁸{illitiaflalnllll

126 2207 471 2276 Schuldverpfliehtungen
491 2207 607 2274 (tabulis
630 2207 733 2271 novis).
752 2236 785 2245 —
804 2210 934 2260 solvendo
956 2224 1013 2260 esse
1032 2207 1243 2274 zahlungsfiihig

129 2276 197 2341 sein,
215 2275 269 2326 wie
287 2276 367 2328 oneri
386 2274 497 2328 ferendo
517 2294 572 2328 esse
589 2275 649 2327 Liv.
668 2275 704 2339 ΙΙ,
723 2280 746 2328 8.
1028 2315 1032 2327 ,

198 2349 237 2396 13.
257 2345 379 2395 meminit
396 2343 460 2395 eius.
474 2372 507 2380 -
525 2346 606 2405 lacem
625 2342 716 2395 solche
728 2343 827 2409 Dinge,
842 2341 1030 2395 Verhilltnisse
1043 2342 1152 2395 werden
1167 2343 1244 2395 nicht

127 2412 200 2463 nach
217 2412 266 2463 der
284 2411 354 2463 Zahl
377 2410 426 2463 der
444 2411 707 2478 Beeintra'ehtigten,
730 2411 848 2463 sondern
869 2412 938 2462 nach
962 2411 1022 2462 dem
1041 2411 1177 2474 Ansehen,
1195 2411 1243 2462 der

129 2479 259 2545 Stellung
275 2478 415 2531 dereelben
433 2479 592 2541 beurtheilt3
611 2481 641 2547 y'e
660 2479 743 2530 hiiher
754 2479 802 2530 der
816 2478 1047 2544 Beeiutrdchtigte
1064 2479 1146 2543 steht,
1166 2479 1242 2531 desto

129 2547 206 2598 mehr
224 2546 361 2601 Aulsehen
380 2547 471 2599 maeht
488 2564 525 2599 es.

198 2618 239 2669 14.
258 2615 340 2665 hahet
361 2614 410 2666 hat
436 2631 476 2676 es;
500 2614 535 2666 im
558 2613 749 2666 Lateinischen
772 2614 808 2666 ist
831 2614 878 2665 der
900 2615 968 2666 Sata
996 2613 1045 2665 mit
1072 2623 1102 2666 ut
1120 2615 1244 2682 Subject,

130 2681 220 2734 wofrir
237 2680 383 2747 eigentlich
403 2683 466 2732 Ace.
487 2698 510 2734 e.
528 2681 581 2732 Iul.
600 2697 635 2732 zu
653 2690 789 2733 erwarten
808 2683 895 2741 wire3
922 2690 953 2733 ut
975 2682 1049 2732 kann
1069 2699 1121 2732 nur
1138 2683 1243 2747 stehen,

128 2767 210 2801 wenn
238 2766 300 2801 man
328 2765 408 2816 quam
434 2749 515 2800 habet
542 2749 706 2816 aequitatem
735 2749 851 2800 anfiasst
868 2749 908 2800 als
927 2765 1005 2815 quam
1025 2765 1110 2816 aeque
1128 2749 1175 2806 lit,
1195 2758 1241 2807 ut;

130 2817 185 2884 vgl.
209 2835 231 2868 c.
251 2822 291 2878 12,
310 2821 333 2869 5.
358 2816 409 2876 lll,
428 2820 454 2879 6,
478 2822 500 2871 1.
520 2846 550 2854 -
576 2818 743 2884 aequitatem
765 2825 828 2882 sagt
855 2816 965 2882 Cicero,
995 2815 1071 2867 nicht
1096 2815 1242 2879 iustitiam3

128 2885 200 2936 deun
220 2901 249 2935 er
267 2883 373 2953 spricht
390 2901 444 2935 von
462 2883 520 2935 dem
540 2883 633 2935 Besitz
652 2883 697 2935 des
716 2885 907 2936 Staatsackers
931 2885 1010 2950 (ager
1029 2883 1178 2951 publicus),
1196 2884 1244 2935 der

130 2951 280 3018 alierdings
304 2953 373 3003 nach
395 2962 532 3018 streugam
550 2951 641 3003 Recht
664 2951 740 3003 nicht
758 2952 833 3004 hatte
851 2969 886 3002 an
909 2951 952 3002 die
970 2950 1103 3015 Reichen,
1124 2951 1243 3002 sondern

128 3019 158 3072 in
174 3019 318 3070 Parcellen
338 3036 373 3071 an
391 3019 435 3070 die
453 3020 575 3071 armeren
596 3019 702 3086 Biirger
718 3020 880 3086 verpachtet
897 3018 1005 3070 werden
1020 3019 1142 3081 mfissen3
1162 3018 1243 3070 allein

130 3086 166 3138 da
184 3087 231 3138 der
251 3088 341 3139 Besitz
362 3103 418 3138 uun
437 3085 537 3137 eiurnal
554 3086 607 3139 seit
623 3087 710 3139 vielen
729 3087 967 3139 Menschenaltern
986 3086 1124 3149 (saeculis)
1148 3105 1178 3139 so
1197 3103 1243 3153 ge·

131 3154 229 3206 orduet
248 3173 321 3219 war,
344 3153 390 3221 lag
411 3154 471 3206 eine
490 3153 723 3221 Unbilligkeit
740 3155 833 3206 darin.
853 3154 901 3205 ihn
920 3153 971 3205 den
986 3154 1129 3206 Beeitzern
1143 3155 1245 3206 wieder

131 3223 201 3273 ohne
219 3222 352 3285 Weiteres
375 3239 410 3274 zu
438 3223 560 3273 nehmen.
580 3251 613 3259 -
638 3240 794 3289 possessum
820 3222 849 3274 in
878 3222 967 3274 Besitz
989 3239 1161 3288 generantem
1189 3240 1242 3274 von
1278 3264 1280 3269 .

130 3289 251 3358 posside,
270 3290 321 3341 wie
340 3307 362 3342 c.
381 3295 424 3356 23,
443 3295 458 3342 6
476 3289 662 3359 possederant.

622 3429 691 3478 Kar.
709 3430 750 3482 23.

203 3516 225 3560 1.
245 3517 356 3574 propter
374 3511 424 3560 lsoe
447 3511 496 3560 ini.
516 3529 540 3575 p.
559 3510 651 3576 Kiinig
672 3509 737 3577 Agis
763 3509 869 3572 wollte,
898 3527 942 3562 um
968 3509 1012 3561 die
1038 3508 1242 3577 Lyeurgischen

131 3577 249 3627 Gesetze
268 3575 365 3626 wieder
384 3577 578 3635 herzustellen,
601 3581 663 3628 eine
686 3595 755 3630 neue
776 3578 879 3644 gleiche
901 3576 1156 3643 Laudvertheilung
1179 3595 1244 3628 vor-

132 3642 254 3704 nehmen,
273 3643 359 3694 wobei
377 3643 425 3695 der
442 3644 539 3712 Ephor
557 3644 702 3712 Lysander
719 3646 767 3697 ihu
786 3646 985 3708 unterstfitzte3
1009 3662 1053 3695 um
1072 3649 1122 3697 240
1139 3663 1165 3697 v.
1179 3645 1243 3696 cnr.

131 3738 165 3749 -
183 3719 258 3762 utet
276 3719 327 3777 tgr.
349 3727 374 3762 ιι,
392 3729 411 3762 e.
431 3730 466 3763 w.
498 3712 546 3763 Als
566 3713 722 3765 Cleomenes
749 3713 802 3764 den
819 3713 890 3764 Plan
916 3712 963 3763 des
986 3712 1051 3778 Agis
1080 3712 1243 3764 wiederauf-

131 3778 213 3853 nahra
226 3777 282 3829 und
296 3777 411 3844 aniangs
423 3779 605 3841 durchsetzte,
620 3780 731 3831 wurden
742 3786 758 3832 4
768 3781 898 3848 Ephoren
912 3779 1035 3846 getiidtet
1047 3779 1103 3830 und
1115 3783 1148 3832 80
1157 3781 1244 3849 Spar·

130 3846 219 3898 tiaten
242 3845 395 3898 vertrieben
419 3849 569 3910 (exterm.):
594 3846 632 3898 als
656 3848 721 3899 aber
743 3847 863 3899 derselbe
885 3847 957 3899 nach
980 3847 1029 3899 der
1050 3847 1180 3900 Schlacht
1202 3848 1244 3900 bei

130 3913 247 3966 Sellasia
259 3918 308 3965 222
320 3912 474 3965 vertrieben
494 3914 596 3978 warde,
614 3915 814 3980 bemdohtigteu
831 3915 890 3966 sich
910 3915 979 3966 nach
998 3915 1128 3967 einander
1147 3917 1244 3982 Agesi-

131 3981 214 4100 polis,
242 3980 435 4045 Machanidas,
459 3981 545 4034 Nabis
568 3981 615 4033 der
633 3982 798 4034 Herrschaft
814 3981 843 4032 in
862 3984 973 4047 Sparta,
997 3982 1051 4035 und
1071 3985 1140 4034 nach
1159 3984 1242 4035 ihnen

152 4065 193 4100 am
211 4067 239 4100 es
257 4049 342 4100 durch
361 4048 539 4117 Philopdmen
563 4059 643 4102 unter
664 4050 709 4101 die
728 4051 840 4102 Achaer.
880 4052 982 4103 Waren
1001 4051 1057 4104 dies
1076 4052 1140 4103 aber
1158 4050 1242 4102 wirlr-

132 4115 186 4166 lich
213 4117 255 4168 die
273 4116 380 4183 Folgen
407 4115 454 4169 des
480 4117 700 4183 verungldclrten
728 4116 877 4170 Versuches
903 4118 947 4170 die
974 4121 1089 4170 Gesetze
1117 4118 1243 4185 Lycurge

131 4183 637 4250 wiederherzustellen‚oderdersehon
647 4185 744 4237 vorher
756 4186 955 4253 eingerissenen
962 4185 1242 4239 Sittenverderbniss?

200 4257 223 4306 4.
244 4253 338 4317 Quiri?
358 4252 410 4320 egl,
431 4271 454 4305 c.
473 4257 515 4320 22,
533 4259 559 4309 4.
578 4281 609 4291 -
629 4255 757 4319 Africani
775 4253 895 4321 maioris,
919 4254 1015 4307 dessen
1033 4254 1155 4307 Tochter
1173 4253 1244 4306 Cor-
