<?xml version="1.0" encoding="UTF-8"?>
<!DOCTYPE html PUBLIC "-//W3C//DTD XHTML 1.0 Transitional//EN"
    "http://www.w3.org/TR/xhtml1/DTD/xhtml1-transitional.dtd">
<html xmlns="http://www.w3.org/1999/xhtml" xml:lang="en" lang="en">
 <head>
  <title>
</title>
<meta http-equiv="Content-Type" content="text/html;charset=utf-8" />
  <meta name='ocr-system' content='tesseract 3.04.00' />
  <meta name='ocr-capabilities' content='ocr_page ocr_carea ocr_par ocr_line ocrx_word'/>
</head>
<body>
  <div class='ocr_page' id='page_1' title='image "./deofficiislibri03cicegoog_0049.png"; bbox 0 0 2826 4748; ppageno 0'>
   <div class='ocr_carea' id='block_1_1' title="bbox 205 272 874 338">
    <p class='ocr_par' dir='ltr' id='par_1_1' title="bbox 205 272 874 338">
     <span class='ocr_line' id='line_1_1' title="bbox 205 272 874 338; baseline 0.001 -2"><span class='ocrx_word' id='word_1_1' title='bbox 205 272 250 336; x_wconf 84' lang='lat'><strong>40</strong></span> <span class='ocrx_word' id='word_1_2' title='bbox 653 290 700 336; x_wconf 84' lang='lat' dir='ltr'><strong>nn</strong></span> <span class='ocrx_word' id='word_1_3' title='bbox 725 287 874 338; x_wconf 81' lang='lat' dir='ltr'><strong>urricus</strong></span> 
     </span>
    </p>
   </div>
   <div class='ocr_carea' id='block_1_2' title="bbox 156 428 1326 2790">
    <p class='ocr_par' dir='ltr' id='par_1_2' title="bbox 156 428 1326 2790">
     <span class='ocr_line' id='line_1_2' title="bbox 207 428 1323 507; baseline 0.003 -20"><span class='ocrx_word' id='word_1_4' title='bbox 207 429 240 488; x_wconf 93' lang='lat' dir='ltr'><strong>in</strong></span> <span class='ocrx_word' id='word_1_5' title='bbox 261 429 427 506; x_wconf 90' lang='lat' dir='ltr'><strong>posteriore</strong></span> <span class='ocrx_word' id='word_1_6' title='bbox 451 437 509 489; x_wconf 87' lang='lat' dir='ltr'><strong>est:</strong></span> <span class='ocrx_word' id='word_1_7' title='bbox 544 447 631 489; x_wconf 89' lang='lat' dir='ltr'><strong>causa</strong></span> <span class='ocrx_word' id='word_1_8' title='bbox 654 436 752 488; x_wconf 89' lang='lat' dir='ltr'><strong>autem</strong></span> <span class='ocrx_word' id='word_1_9' title='bbox 782 435 811 488; x_wconf 90' lang='lat' dir='ltr'><strong>et</strong></span> <span class='ocrx_word' id='word_1_10' title='bbox 837 430 914 488; x_wconf 89' lang='lat' dir='ltr'><strong>ratio</strong></span> <span class='ocrx_word' id='word_1_11' title='bbox 938 428 1069 489; x_wconf 84' lang='lat' dir='ltr'><strong>efficiens</strong></span> <span class='ocrx_word' id='word_1_12' title='bbox 1097 446 1219 507; x_wconf 89' lang='lat' dir='ltr'><strong>magnos</strong></span> <span class='ocrx_word' id='word_1_13' title='bbox 1242 429 1323 490; x_wconf 82' lang='lat' dir='ltr'><strong>viros</strong></span> 
     </span>
     <span class='ocr_line' id='line_1_3' title="bbox 209 511 1326 592; baseline 0.001 -19"><span class='ocrx_word' id='word_1_14' title='bbox 209 520 254 573; x_wconf 88' lang='lat' dir='ltr'><strong>est</strong></span> <span class='ocrx_word' id='word_1_15' title='bbox 275 514 307 572; x_wconf 91' lang='lat' dir='ltr'><strong>in</strong></span> <span class='ocrx_word' id='word_1_16' title='bbox 329 515 440 592; x_wconf 90' lang='lat' dir='ltr'><strong>priore.</strong></span> <span class='ocrx_word' id='word_1_17' title='bbox 484 512 518 574; x_wconf 94' lang='lat' dir='ltr'><strong>ln</strong></span> <span class='ocrx_word' id='word_1_18' title='bbox 541 531 576 573; x_wconf 90' lang='lat' dir='ltr'><strong>eo</strong></span> <span class='ocrx_word' id='word_1_19' title='bbox 599 521 644 573; x_wconf 91' lang='lat' dir='ltr'><strong>est</strong></span> <span class='ocrx_word' id='word_1_20' title='bbox 667 513 745 573; x_wconf 90' lang='lat' dir='ltr'><strong>enim</strong></span> <span class='ocrx_word' id='word_1_21' title='bbox 768 511 856 582; x_wconf 89' lang='lat' dir='ltr'><strong>illud,</strong></span> <span class='ocrx_word' id='word_1_22' title='bbox 890 512 970 592; x_wconf 90' lang='lat' dir='ltr'><strong>quod</strong></span> <span class='ocrx_word' id='word_1_23' title='bbox 999 512 1178 575; x_wconf 83' lang='lat' dir='ltr'><strong>excellentes</strong></span> <span class='ocrx_word' id='word_1_24' title='bbox 1207 515 1326 574; x_wconf 89' lang='lat' dir='ltr'><strong>animos</strong></span> 
     </span>
     <span class='ocr_line' id='line_1_4' title="bbox 209 593 737 660; baseline 0 -3"><span class='ocrx_word' id='word_1_25' title='bbox 209 606 239 657; x_wconf 93' lang='lat' dir='ltr'><strong>et</strong></span> <span class='ocrx_word' id='word_1_26' title='bbox 260 593 389 659; x_wconf 93' lang='lat' dir='ltr'><strong>humana</strong></span> <span class='ocrx_word' id='word_1_27' title='bbox 413 605 635 660; x_wconf 74' lang='lat' dir='ltr'><strong>contemnentes</strong></span> <span class='ocrx_word' id='word_1_28' title='bbox 658 597 737 657; x_wconf 87' lang='lat' dir='ltr'><strong>facit.</strong></span> 
     </span>
     <span class='ocr_line' id='line_1_5' title="bbox 173 680 1321 762; baseline 0.001 -23"><span class='ocrx_word' id='word_1_29' title='bbox 173 692 191 738; x_wconf 77' lang='lat'>4</span> <span class='ocrx_word' id='word_1_30' title='bbox 293 681 326 741; x_wconf 92' lang='lat' dir='ltr'><strong>ld</strong></span> <span class='ocrx_word' id='word_1_31' title='bbox 349 689 447 742; x_wconf 89' lang='lat' dir='ltr'><strong>autem</strong></span> <span class='ocrx_word' id='word_1_32' title='bbox 470 683 566 762; x_wconf 91' lang='lat' dir='ltr'><strong>ipsum</strong></span> <span class='ocrx_word' id='word_1_33' title='bbox 590 684 722 742; x_wconf 89' lang='lat' dir='ltr'><strong>cernitur</strong></span> <span class='ocrx_word' id='word_1_34' title='bbox 745 683 776 742; x_wconf 93' lang='lat' dir='ltr'><strong>in</strong></span> <span class='ocrx_word' id='word_1_35' title='bbox 799 680 928 752; x_wconf 88' lang='lat' dir='ltr'><strong>dnobus,</strong></span> <span class='ocrx_word' id='word_1_36' title='bbox 953 684 979 742; x_wconf 88' lang='lat' dir='ltr'><strong>si</strong></span> <span class='ocrx_word' id='word_1_37' title='bbox 1002 689 1032 742; x_wconf 89' lang='lat' dir='ltr'><strong>et</strong></span> <span class='ocrx_word' id='word_1_38' title='bbox 1054 682 1150 742; x_wconf 92' lang='lat' dir='ltr'><strong>solum</strong></span> <span class='ocrx_word' id='word_1_39' title='bbox 1172 682 1218 752; x_wconf 91' lang='lat' dir='ltr'><strong>id,</strong></span> <span class='ocrx_word' id='word_1_40' title='bbox 1243 681 1321 762; x_wconf 92' lang='lat' dir='ltr'><strong>qnod</strong></span> 
     </span>
     <span class='ocr_line' id='line_1_6' title="bbox 208 765 1322 846; baseline 0.002 -21"><span class='ocrx_word' id='word_1_41' title='bbox 208 766 364 826; x_wconf 88' lang='lat' dir='ltr'><strong>honestum</strong></span> <span class='ocrx_word' id='word_1_42' title='bbox 387 769 438 835; x_wconf 92' lang='lat' dir='ltr'><strong>sit,</strong></span> <span class='ocrx_word' id='word_1_43' title='bbox 463 765 573 827; x_wconf 91' lang='lat' dir='ltr'><strong>bonum</strong></span> <span class='ocrx_word' id='word_1_44' title='bbox 602 766 732 835; x_wconf 88' lang='lat' dir='ltr'><strong>iudices,</strong></span> <span class='ocrx_word' id='word_1_45' title='bbox 768 776 797 827; x_wconf 89' lang='lat' dir='ltr'><strong>et</strong></span> <span class='ocrx_word' id='word_1_46' title='bbox 824 766 860 827; x_wconf 94' lang='lat' dir='ltr'><strong>ah</strong></span> <span class='ocrx_word' id='word_1_47' title='bbox 884 768 964 826; x_wconf 92' lang='lat' dir='ltr'><strong>omni</strong></span> <span class='ocrx_word' id='word_1_48' title='bbox 986 767 1076 826; x_wconf 91' lang='lat' dir='ltr'><strong>animi</strong></span> <span class='ocrx_word' id='word_1_49' title='bbox 1097 767 1322 846; x_wconf 79' lang='lat' dir='ltr'><strong>perturbatione</strong></span> 
     </span>
     <span class='ocr_line' id='line_1_7' title="bbox 175 848 1325 931; baseline 0.002 -23"><span class='ocrx_word' id='word_1_50' title='bbox 175 859 190 907; x_wconf 78' lang='lat'>5</span> <span class='ocrx_word' id='word_1_51' title='bbox 209 848 285 910; x_wconf 88' lang='lat' dir='ltr'><strong>liber</strong></span> <span class='ocrx_word' id='word_1_52' title='bbox 306 852 355 911; x_wconf 91' lang='lat' dir='ltr'><strong>sis.</strong></span> <span class='ocrx_word' id='word_1_53' title='bbox 393 850 467 912; x_wconf 90' lang='lat' dir='ltr'><strong>Nam</strong></span> <span class='ocrx_word' id='word_1_54' title='bbox 491 858 520 911; x_wconf 93' lang='lat' dir='ltr'><strong>et</strong></span> <span class='ocrx_word' id='word_1_55' title='bbox 542 871 585 921; x_wconf 93' lang='lat' dir='ltr'><strong>ea,</strong></span> <span class='ocrx_word' id='word_1_56' title='bbox 609 870 685 931; x_wconf 90' lang='lat' dir='ltr'><strong>quae</strong></span> <span class='ocrx_word' id='word_1_57' title='bbox 708 852 814 911; x_wconf 86' lang='lat' dir='ltr'><strong>eximia</strong></span> <span class='ocrx_word' id='word_1_58' title='bbox 836 851 987 930; x_wconf 92' lang='lat' dir='ltr'><strong>plerisque</strong></span> <span class='ocrx_word' id='word_1_59' title='bbox 1003 859 1032 911; x_wconf 91' lang='lat' dir='ltr'><strong>et</strong></span> <span class='ocrx_word' id='word_1_60' title='bbox 1047 850 1198 929; x_wconf 88' lang='lat' dir='ltr'><strong>praeclara</strong></span> <span class='ocrx_word' id='word_1_61' title='bbox 1222 851 1325 911; x_wconf 84' lang='lat' dir='ltr'><strong>riden-</strong></span> 
     </span>
     <span class='ocr_line' id='line_1_8' title="bbox 208 934 1321 1015; baseline 0.001 -22"><span class='ocrx_word' id='word_1_62' title='bbox 208 942 273 1004; x_wconf 92' lang='lat' dir='ltr'><strong>tur,</strong></span> <span class='ocrx_word' id='word_1_63' title='bbox 301 954 390 1014; x_wconf 84' lang='lat' dir='ltr'><strong>parra</strong></span> <span class='ocrx_word' id='word_1_64' title='bbox 414 936 538 1004; x_wconf 88' lang='lat' dir='ltr'><strong>ducere,</strong></span> <span class='ocrx_word' id='word_1_65' title='bbox 569 953 662 1014; x_wconf 92' lang='lat' dir='ltr'><strong>eaque</strong></span> <span class='ocrx_word' id='word_1_66' title='bbox 690 938 804 996; x_wconf 88' lang='lat' dir='ltr'><strong>ratione</strong></span> <span class='ocrx_word' id='word_1_67' title='bbox 834 934 930 996; x_wconf 90' lang='lat' dir='ltr'><strong>stabili</strong></span> <span class='ocrx_word' id='word_1_68' title='bbox 953 936 1097 1015; x_wconf 87' lang='lat' dir='ltr'><strong>firmaque</strong></span> <span class='ocrx_word' id='word_1_69' title='bbox 1119 946 1321 1003; x_wconf 84' lang='lat' dir='ltr'><strong>contemnere,</strong></span> 
     </span>
     <span class='ocr_line' id='line_1_9' title="bbox 207 1019 1324 1100; baseline 0.002 -22"><span class='ocrx_word' id='word_1_70' title='bbox 207 1019 293 1081; x_wconf 91' lang='lat' dir='ltr'><strong>fortis</strong></span> <span class='ocrx_word' id='word_1_71' title='bbox 326 1022 417 1080; x_wconf 90' lang='lat' dir='ltr'><strong>animi</strong></span> <span class='ocrx_word' id='word_1_72' title='bbox 454 1021 611 1100; x_wconf 84' lang='lat' dir='ltr'><strong>magnique</strong></span> <span class='ocrx_word' id='word_1_73' title='bbox 641 1019 808 1080; x_wconf 88' lang='lat' dir='ltr'><strong>ducendum</strong></span> <span class='ocrx_word' id='word_1_74' title='bbox 843 1026 902 1080; x_wconf 90' lang='lat' dir='ltr'><strong>est:</strong></span> <span class='ocrx_word' id='word_1_75' title='bbox 934 1027 966 1091; x_wconf 65' lang='lat' dir='ltr'><strong>‚et</strong></span> <span class='ocrx_word' id='word_1_76' title='bbox 996 1038 1045 1088; x_wconf 93' lang='lat' dir='ltr'><strong>ea,</strong></span> <span class='ocrx_word' id='word_1_77' title='bbox 1078 1038 1153 1097; x_wconf 90' lang='lat' dir='ltr'><strong>qnae</strong></span> <span class='ocrx_word' id='word_1_78' title='bbox 1184 1019 1324 1080; x_wconf 86' lang='lat' dir='ltr'><strong>videntur</strong></span> 
     </span>
     <span class='ocr_line' id='line_1_10' title="bbox 208 1102 1320 1183; baseline -0.003 -18"><span class='ocrx_word' id='word_1_79' title='bbox 208 1102 330 1173; x_wconf 90' lang='lat' dir='ltr'><strong>acerba,</strong></span> <span class='ocrx_word' id='word_1_80' title='bbox 360 1122 435 1183; x_wconf 93' lang='lat' dir='ltr'><strong>quae</strong></span> <span class='ocrx_word' id='word_1_81' title='bbox 464 1103 556 1165; x_wconf 85' lang='lat' dir='ltr'><strong>multa</strong></span> <span class='ocrx_word' id='word_1_82' title='bbox 588 1112 618 1163; x_wconf 92' lang='lat' dir='ltr'><strong>et</strong></span> <span class='ocrx_word' id='word_1_83' title='bbox 638 1106 719 1165; x_wconf 84' lang='lat' dir='ltr'><strong>varia</strong></span> <span class='ocrx_word' id='word_1_84' title='bbox 741 1107 771 1164; x_wconf 90' lang='lat' dir='ltr'><strong>in</strong></span> <span class='ocrx_word' id='word_1_85' title='bbox 795 1102 950 1165; x_wconf 91' lang='lat' dir='ltr'><strong>hominum</strong></span> <span class='ocrx_word' id='word_1_86' title='bbox 974 1105 1029 1165; x_wconf 88' lang='lat' dir='ltr'><strong>vita</strong></span> <span class='ocrx_word' id='word_1_87' title='bbox 1052 1104 1230 1183; x_wconf 78' lang='lat' dir='ltr'><strong>fortunaque</strong></span> <span class='ocrx_word' id='word_1_88' title='bbox 1253 1121 1320 1164; x_wconf 87' lang='lat' dir='ltr'><strong>ver·</strong></span> 
     </span>
     <span class='ocr_line' id='line_1_11' title="bbox 209 1185 1319 1265; baseline -0.003 -16"><span class='ocrx_word' id='word_1_89' title='bbox 209 1196 321 1256; x_wconf 91' lang='lat' dir='ltr'><strong>santur,</strong></span> <span class='ocrx_word' id='word_1_90' title='bbox 345 1191 387 1249; x_wconf 90' lang='lat' dir='ltr'><strong>ita</strong></span> <span class='ocrx_word' id='word_1_91' title='bbox 409 1189 498 1257; x_wconf 90' lang='lat' dir='ltr'><strong>ferre,</strong></span> <span class='ocrx_word' id='word_1_92' title='bbox 522 1197 555 1249; x_wconf 91' lang='lat' dir='ltr'><strong>ut</strong></span> <span class='ocrx_word' id='word_1_93' title='bbox 577 1186 653 1248; x_wconf 92' lang='lat' dir='ltr'><strong>nihil</strong></span> <span class='ocrx_word' id='word_1_94' title='bbox 676 1209 692 1250; x_wconf 94' lang='lat' dir='ltr'><strong>a</strong></span> <span class='ocrx_word' id='word_1_95' title='bbox 715 1198 791 1249; x_wconf 88' lang='lat' dir='ltr'><strong>statu</strong></span> <span class='ocrx_word' id='word_1_96' title='bbox 814 1199 936 1250; x_wconf 89' lang='lat' dir='ltr'><strong>naturae</strong></span> <span class='ocrx_word' id='word_1_97' title='bbox 953 1189 1093 1259; x_wconf 90' lang='lat' dir='ltr'><strong>discedas,</strong></span> <span class='ocrx_word' id='word_1_98' title='bbox 1118 1185 1194 1249; x_wconf 92' lang='lat' dir='ltr'><strong>nihil</strong></span> <span class='ocrx_word' id='word_1_99' title='bbox 1217 1208 1233 1250; x_wconf 93' lang='lat' dir='ltr'><strong>a</strong></span> <span class='ocrx_word' id='word_1_100' title='bbox 1255 1189 1319 1265; x_wconf 90' lang='lat' dir='ltr'><strong>dig-</strong></span> 
     </span>
     <span class='ocr_line' id='line_1_12' title="bbox 174 1270 1323 1352; baseline 0.003 -24"><span class='ocrx_word' id='word_1_101' title='bbox 174 1280 189 1328; x_wconf 87' lang='grc'><strong>6</strong></span> <span class='ocrx_word' id='word_1_102' title='bbox 208 1276 302 1333; x_wconf 92' lang='lat' dir='ltr'><strong>nitate</strong></span> <span class='ocrx_word' id='word_1_103' title='bbox 318 1274 468 1349; x_wconf 88' lang='lat' dir='ltr'><strong>sapientis,</strong></span> <span class='ocrx_word' id='word_1_104' title='bbox 483 1272 599 1334; x_wconf 85' lang='lat' dir='ltr'><strong>robusti</strong></span> <span class='ocrx_word' id='word_1_105' title='bbox 615 1274 704 1334; x_wconf 91' lang='lat' dir='ltr'><strong>animi</strong></span> <span class='ocrx_word' id='word_1_106' title='bbox 720 1283 766 1334; x_wconf 92' lang='lat' dir='ltr'><strong>est</strong></span> <span class='ocrx_word' id='word_1_107' title='bbox 778 1292 962 1352; x_wconf 79' lang='lat' dir='ltr'><strong>magnaeque</strong></span> <span class='ocrx_word' id='word_1_108' title='bbox 978 1275 1167 1335; x_wconf 83' lang='lat' dir='ltr'><strong>constantiae.</strong></span> <span class='ocrx_word' id='word_1_109' title='bbox 1191 1270 1240 1334; x_wconf 88' lang='grc'><strong>68.</strong></span> <span class='ocrx_word' id='word_1_110' title='bbox 1255 1272 1323 1333; x_wconf 90' lang='lat' dir='ltr'><strong>Non</strong></span> 
     </span>
     <span class='ocr_line' id='line_1_13' title="bbox 208 1357 1320 1436; baseline 0 -20"><span class='ocrx_word' id='word_1_111' title='bbox 208 1363 374 1417; x_wconf 82' lang='lat' dir='ltr'><strong>astantem</strong></span> <span class='ocrx_word' id='word_1_112' title='bbox 398 1365 643 1428; x_wconf 87' lang='lat' dir='ltr'><strong>consentaneum,</strong></span> <span class='ocrx_word' id='word_1_113' title='bbox 674 1361 726 1435; x_wconf 90' lang='lat' dir='ltr'><strong>qni</strong></span> <span class='ocrx_word' id='word_1_114' title='bbox 750 1368 829 1420; x_wconf 92' lang='lat' dir='ltr'><strong>metu</strong></span> <span class='ocrx_word' id='word_1_115' title='bbox 852 1378 912 1420; x_wconf 90' lang='lat' dir='ltr'><strong>non</strong></span> <span class='ocrx_word' id='word_1_116' title='bbox 934 1359 1102 1436; x_wconf 78' lang='lat' dir='ltr'><strong>frangatur,</strong></span> <span class='ocrx_word' id='word_1_117' title='bbox 1132 1377 1200 1419; x_wconf 91' lang='lat' dir='ltr'><strong>enm</strong></span> <span class='ocrx_word' id='word_1_118' title='bbox 1222 1357 1320 1433; x_wconf 81' lang='lat' dir='ltr'><strong>frangi</strong></span> 
     </span>
     <span class='ocr_line' id='line_1_14' title="bbox 208 1441 1321 1523; baseline -0.002 -21"><span class='ocrx_word' id='word_1_119' title='bbox 208 1441 382 1519; x_wconf 89' lang='lat' dir='ltr'><strong>cupiditate;</strong></span> <span class='ocrx_word' id='word_1_120' title='bbox 411 1460 482 1510; x_wconf 90' lang='lat' dir='ltr'><strong>neo,</strong></span> <span class='ocrx_word' id='word_1_121' title='bbox 511 1445 562 1518; x_wconf 90' lang='lat' dir='ltr'><strong>qui</strong></span> <span class='ocrx_word' id='word_1_122' title='bbox 585 1446 726 1504; x_wconf 84' lang='lat' dir='ltr'><strong>invictum</strong></span> <span class='ocrx_word' id='word_1_123' title='bbox 755 1461 786 1503; x_wconf 89' lang='lat' dir='ltr'><strong>se</strong></span> <span class='ocrx_word' id='word_1_124' title='bbox 815 1442 954 1504; x_wconf 86' lang='lat' dir='ltr'><strong>alaburc</strong></span> <span class='ocrx_word' id='word_1_125' title='bbox 977 1445 1173 1523; x_wconf 90' lang='lat' dir='ltr'><strong>praestiterit,</strong></span> <span class='ocrx_word' id='word_1_126' title='bbox 1203 1444 1280 1503; x_wconf 87' lang='lat' dir='ltr'><strong>vinci</strong></span> <span class='ocrx_word' id='word_1_127' title='bbox 1305 1460 1321 1500; x_wconf 92' lang='lat' dir='ltr'><strong>a</strong></span> 
     </span>
     <span class='ocr_line' id='line_1_15' title="bbox 175 1523 1321 1607; baseline 0.005 -27"><span class='ocrx_word' id='word_1_128' title='bbox 175 1523 366 1604; x_wconf 78' lang='lat' dir='ltr'><strong>troluptate.</strong></span> <span class='ocrx_word' id='word_1_129' title='bbox 402 1525 495 1596; x_wconf 81' lang='lat' dir='ltr'><strong>Quam</strong></span> <span class='ocrx_word' id='word_1_130' title='bbox 512 1526 549 1587; x_wconf 94' lang='lat' dir='ltr'><strong>oh</strong></span> <span class='ocrx_word' id='word_1_131' title='bbox 573 1546 636 1587; x_wconf 90' lang='lat' dir='ltr'><strong>rem</strong></span> <span class='ocrx_word' id='word_1_132' title='bbox 659 1536 689 1588; x_wconf 89' lang='lat' dir='ltr'><strong>et</strong></span> <span class='ocrx_word' id='word_1_133' title='bbox 710 1523 785 1589; x_wconf 86' lang='lat' dir='ltr'><strong>haec</strong></span> <span class='ocrx_word' id='word_1_134' title='bbox 801 1528 935 1597; x_wconf 87' lang='lat' dir='ltr'><strong>videnda,</strong></span> <span class='ocrx_word' id='word_1_135' title='bbox 960 1535 991 1588; x_wconf 93' lang='lat' dir='ltr'><strong>et</strong></span> <span class='ocrx_word' id='word_1_136' title='bbox 1011 1529 1155 1607; x_wconf 90' lang='lat' dir='ltr'><strong>pecuniae</strong></span> <span class='ocrx_word' id='word_1_137' title='bbox 1178 1524 1321 1605; x_wconf 90' lang='lat' dir='ltr'><strong>fugienda</strong></span> 
     </span>
     <span class='ocr_line' id='line_1_16' title="bbox 208 1609 1319 1690; baseline 0.001 -20"><span class='ocrx_word' id='word_1_138' title='bbox 208 1611 363 1689; x_wconf 78' lang='lat' dir='ltr'><strong>cupiditas.</strong></span> <span class='ocrx_word' id='word_1_139' title='bbox 393 1609 475 1671; x_wconf 89' lang='lat' dir='ltr'><strong>Nihil</strong></span> <span class='ocrx_word' id='word_1_140' title='bbox 491 1614 568 1672; x_wconf 90' lang='lat' dir='ltr'><strong>enim</strong></span> <span class='ocrx_word' id='word_1_141' title='bbox 593 1619 636 1672; x_wconf 87' lang='lat' dir='ltr'><strong>est</strong></span> <span class='ocrx_word' id='word_1_142' title='bbox 652 1619 710 1673; x_wconf 89' lang='lat' dir='ltr'><strong>tam</strong></span> <span class='ocrx_word' id='word_1_143' title='bbox 733 1615 849 1690; x_wconf 89' lang='lat' dir='ltr'><strong>angusti</strong></span> <span class='ocrx_word' id='word_1_144' title='bbox 872 1616 964 1674; x_wconf 92' lang='lat' dir='ltr'><strong>animi</strong></span> <span class='ocrx_word' id='word_1_145' title='bbox 979 1620 1099 1690; x_wconf 85' lang='lat' dir='ltr'><strong>tamque</strong></span> <span class='ocrx_word' id='word_1_146' title='bbox 1114 1614 1205 1688; x_wconf 90' lang='lat' dir='ltr'><strong>parvi,</strong></span> <span class='ocrx_word' id='word_1_147' title='bbox 1229 1629 1319 1690; x_wconf 90' lang='lat' dir='ltr'><strong>quam</strong></span> 
     </span>
     <span class='ocr_line' id='line_1_17' title="bbox 208 1693 1320 1774; baseline -0.002 -19"><span class='ocrx_word' id='word_1_148' title='bbox 208 1713 308 1756; x_wconf 89' lang='lat' dir='ltr'><strong>amare</strong></span> <span class='ocrx_word' id='word_1_149' title='bbox 331 1694 463 1764; x_wconf 87' lang='lat' dir='ltr'><strong>divitias;</strong></span> <span class='ocrx_word' id='word_1_150' title='bbox 487 1693 560 1755; x_wconf 93' lang='lat' dir='ltr'><strong>nihil</strong></span> <span class='ocrx_word' id='word_1_151' title='bbox 575 1693 729 1756; x_wconf 91' lang='lat' dir='ltr'><strong>honestius</strong></span> <span class='ocrx_word' id='word_1_152' title='bbox 750 1697 1044 1773; x_wconf 80' lang='lat' dir='ltr'><strong>magnificentiusque</strong></span> <span class='ocrx_word' id='word_1_153' title='bbox 1060 1713 1146 1774; x_wconf 92' lang='lat' dir='ltr'><strong>quam</strong></span> <span class='ocrx_word' id='word_1_154' title='bbox 1164 1696 1320 1774; x_wconf 88' lang='lat' dir='ltr'><strong>pecuniam</strong></span> 
     </span>
     <span class='ocr_line' id='line_1_18' title="bbox 209 1776 1322 1850; baseline -0.001 -11"><span class='ocrx_word' id='word_1_155' title='bbox 209 1785 408 1850; x_wconf 89' lang='lat' dir='ltr'><strong>contemnere,</strong></span> <span class='ocrx_word' id='word_1_156' title='bbox 433 1782 458 1840; x_wconf 92' lang='lat' dir='ltr'><strong>si</strong></span> <span class='ocrx_word' id='word_1_157' title='bbox 481 1797 540 1839; x_wconf 92' lang='lat' dir='ltr'><strong>non</strong></span> <span class='ocrx_word' id='word_1_158' title='bbox 562 1777 688 1848; x_wconf 91' lang='lat' dir='ltr'><strong>habeas;</strong></span> <span class='ocrx_word' id='word_1_159' title='bbox 712 1783 737 1840; x_wconf 92' lang='lat' dir='ltr'><strong>si</strong></span> <span class='ocrx_word' id='word_1_160' title='bbox 752 1776 880 1850; x_wconf 87' lang='lat' dir='ltr'><strong>habeas,</strong></span> <span class='ocrx_word' id='word_1_161' title='bbox 904 1781 940 1841; x_wconf 93' lang='lat' dir='ltr'><strong>ad</strong></span> <span class='ocrx_word' id='word_1_162' title='bbox 963 1779 1188 1840; x_wconf 88' lang='lat' dir='ltr'><strong>beneficentiam</strong></span> <span class='ocrx_word' id='word_1_163' title='bbox 1210 1779 1322 1840; x_wconf 90' lang='lat' dir='ltr'><strong>libera·</strong></span> 
     </span>
     <span class='ocr_line' id='line_1_19' title="bbox 174 1863 1322 1944; baseline 0.001 -21"><span class='ocrx_word' id='word_1_164' title='bbox 174 1863 381 1940; x_wconf 80' lang='lat' dir='ltr'><strong>alitatemque</strong></span> <span class='ocrx_word' id='word_1_165' title='bbox 402 1865 553 1926; x_wconf 90' lang='lat' dir='ltr'><strong>conferre.</strong></span> <span class='ocrx_word' id='word_1_166' title='bbox 598 1864 731 1926; x_wconf 85' lang='lat' dir='ltr'><strong>Cavenda</strong></span> <span class='ocrx_word' id='word_1_167' title='bbox 767 1867 855 1925; x_wconf 91' lang='lat' dir='ltr'><strong>etiam</strong></span> <span class='ocrx_word' id='word_1_168' title='bbox 889 1873 932 1925; x_wconf 90' lang='lat' dir='ltr'><strong>est</strong></span> <span class='ocrx_word' id='word_1_169' title='bbox 955 1864 1066 1944; x_wconf 90' lang='lat' dir='ltr'><strong>gloriae</strong></span> <span class='ocrx_word' id='word_1_170' title='bbox 1095 1865 1255 1942; x_wconf 88' lang='lat' dir='ltr'><strong>cupiditas,</strong></span> <span class='ocrx_word' id='word_1_171' title='bbox 1289 1872 1322 1924; x_wconf 92' lang='lat' dir='ltr'><strong>ut</strong></span> 
     </span>
     <span class='ocr_line' id='line_1_20' title="bbox 209 1948 1322 2028; baseline 0 -20"><span class='ocrx_word' id='word_1_172' title='bbox 209 1966 298 2026; x_wconf 89' lang='lat' dir='ltr'><strong>supra</strong></span> <span class='ocrx_word' id='word_1_173' title='bbox 321 1948 390 2009; x_wconf 84' lang='lat' dir='ltr'><strong>dixi.</strong></span> <span class='ocrx_word' id='word_1_174' title='bbox 435 1948 530 2027; x_wconf 83' lang='lat' dir='ltr'><strong>Eripit</strong></span> <span class='ocrx_word' id='word_1_175' title='bbox 553 1951 631 2010; x_wconf 91' lang='lat' dir='ltr'><strong>enim</strong></span> <span class='ocrx_word' id='word_1_176' title='bbox 654 1949 838 2019; x_wconf 89' lang='lat' dir='ltr'><strong>libertatem,</strong></span> <span class='ocrx_word' id='word_1_177' title='bbox 868 1967 922 2028; x_wconf 90' lang='lat' dir='ltr'><strong>pro</strong></span> <span class='ocrx_word' id='word_1_178' title='bbox 952 1967 1009 2028; x_wconf 88' lang='lat' dir='ltr'><strong>qua</strong></span> <span class='ocrx_word' id='word_1_179' title='bbox 1032 1951 1228 2026; x_wconf 88' lang='lat' dir='ltr'><strong>magnanimis</strong></span> <span class='ocrx_word' id='word_1_180' title='bbox 1250 1950 1322 2008; x_wconf 92' lang='lat' dir='ltr'><strong>viris</strong></span> 
     </span>
     <span class='ocr_line' id='line_1_21' title="bbox 173 2033 1322 2113; baseline 0 -21"><span class='ocrx_word' id='word_1_181' title='bbox 173 2034 302 2093; x_wconf 75' lang='lat' dir='ltr'><strong>nomnis</strong></span> <span class='ocrx_word' id='word_1_182' title='bbox 330 2033 418 2094; x_wconf 90' lang='lat' dir='ltr'><strong>dehet</strong></span> <span class='ocrx_word' id='word_1_183' title='bbox 446 2052 510 2095; x_wconf 86' lang='lat' dir='ltr'><strong>esse</strong></span> <span class='ocrx_word' id='word_1_184' title='bbox 532 2034 691 2095; x_wconf 89' lang='lat' dir='ltr'><strong>contentio.</strong></span> <span class='ocrx_word' id='word_1_185' title='bbox 735 2035 797 2095; x_wconf 87' lang='lat' dir='ltr'><strong>Nec</strong></span> <span class='ocrx_word' id='word_1_186' title='bbox 824 2053 894 2095; x_wconf 89' lang='lat' dir='ltr'><strong>vero</strong></span> <span class='ocrx_word' id='word_1_187' title='bbox 923 2035 1046 2113; x_wconf 87' lang='lat' dir='ltr'><strong>imperia</strong></span> <span class='ocrx_word' id='word_1_188' title='bbox 1076 2034 1256 2112; x_wconf 84' lang='lat' dir='ltr'><strong>expetenda,</strong></span> <span class='ocrx_word' id='word_1_189' title='bbox 1287 2049 1322 2092; x_wconf 92' lang='lat' dir='ltr'><strong>ac</strong></span> 
     </span>
     <span class='ocr_line' id='line_1_22' title="bbox 207 2119 1322 2198; baseline 0 -21"><span class='ocrx_word' id='word_1_190' title='bbox 207 2119 304 2197; x_wconf 92' lang='lat' dir='ltr'><strong>potius</strong></span> <span class='ocrx_word' id='word_1_191' title='bbox 320 2126 444 2179; x_wconf 91' lang='lat' dir='ltr'><strong>autnon</strong></span> <span class='ocrx_word' id='word_1_192' title='bbox 461 2119 630 2198; x_wconf 89' lang='lat' dir='ltr'><strong>accipienda</strong></span> <span class='ocrx_word' id='word_1_193' title='bbox 646 2119 805 2188; x_wconf 90' lang='lat' dir='ltr'><strong>interdum,</strong></span> <span class='ocrx_word' id='word_1_194' title='bbox 830 2127 879 2180; x_wconf 91' lang='lat' dir='ltr'><strong>aut</strong></span> <span class='ocrx_word' id='word_1_195' title='bbox 900 2119 1075 2196; x_wconf 89' lang='lat' dir='ltr'><strong>deponenda</strong></span> <span class='ocrx_word' id='word_1_196' title='bbox 1098 2134 1322 2197; x_wconf 88' lang='lat' dir='ltr'><strong>nonnunquam.</strong></span> 
     </span>
     <span class='ocr_line' id='line_1_23' title="bbox 157 2199 1321 2282; baseline 0.002 -24"><span class='ocrx_word' id='word_1_197' title='bbox 157 2212 190 2260; x_wconf 88' lang='lat'><strong>10</strong></span> <span class='ocrx_word' id='word_1_198' title='bbox 207 2199 258 2263; x_wconf 89' lang='grc'><strong>69.</strong></span> <span class='ocrx_word' id='word_1_199' title='bbox 283 2201 449 2263; x_wconf 90' lang='lat' dir='ltr'><strong>Vacandum</strong></span> <span class='ocrx_word' id='word_1_200' title='bbox 473 2211 570 2264; x_wconf 91' lang='lat' dir='ltr'><strong>antem</strong></span> <span class='ocrx_word' id='word_1_201' title='bbox 586 2205 666 2264; x_wconf 94' lang='lat' dir='ltr'><strong>omni</strong></span> <span class='ocrx_word' id='word_1_202' title='bbox 687 2212 731 2263; x_wconf 90' lang='lat' dir='ltr'><strong>est</strong></span> <span class='ocrx_word' id='word_1_203' title='bbox 753 2205 844 2264; x_wconf 90' lang='lat' dir='ltr'><strong>animi</strong></span> <span class='ocrx_word' id='word_1_204' title='bbox 858 2202 1092 2282; x_wconf 85' lang='lat' dir='ltr'><strong>perturbatione,</strong></span> <span class='ocrx_word' id='word_1_205' title='bbox 1116 2220 1183 2264; x_wconf 88' lang='lat' dir='ltr'><strong>oum</strong></span> <span class='ocrx_word' id='word_1_206' title='bbox 1207 2200 1321 2279; x_wconf 91' lang='lat' dir='ltr'><strong>cupidi·</strong></span> 
     </span>
     <span class='ocr_line' id='line_1_24' title="bbox 207 2286 1320 2366; baseline -0.001 -20"><span class='ocrx_word' id='word_1_207' title='bbox 207 2293 267 2347; x_wconf 89' lang='lat' dir='ltr'><strong>tate</strong></span> <span class='ocrx_word' id='word_1_208' title='bbox 290 2295 319 2346; x_wconf 92' lang='lat' dir='ltr'><strong>et</strong></span> <span class='ocrx_word' id='word_1_209' title='bbox 340 2294 437 2365; x_wconf 91' lang='lat' dir='ltr'><strong>metu,</strong></span> <span class='ocrx_word' id='word_1_210' title='bbox 467 2295 532 2349; x_wconf 90' lang='lat' dir='ltr'><strong>tum</strong></span> <span class='ocrx_word' id='word_1_211' title='bbox 561 2291 648 2348; x_wconf 89' lang='lat' dir='ltr'><strong>etiam</strong></span> <span class='ocrx_word' id='word_1_212' title='bbox 670 2288 854 2366; x_wconf 88' lang='lat' dir='ltr'><strong>aegritudine</strong></span> <span class='ocrx_word' id='word_1_213' title='bbox 877 2296 906 2347; x_wconf 89' lang='lat' dir='ltr'><strong>et</strong></span> <span class='ocrx_word' id='word_1_214' title='bbox 927 2287 1075 2364; x_wconf 86' lang='lat' dir='ltr'><strong>voluptate</strong></span> <span class='ocrx_word' id='word_1_215' title='bbox 1097 2295 1127 2348; x_wconf 89' lang='lat' dir='ltr'><strong>et</strong></span> <span class='ocrx_word' id='word_1_216' title='bbox 1147 2286 1320 2356; x_wconf 87' lang='lat' dir='ltr'><strong>iracundia;</strong></span> 
     </span>
     <span class='ocr_line' id='line_1_25' title="bbox 206 2370 1322 2451; baseline -0.003 -19"><span class='ocrx_word' id='word_1_217' title='bbox 206 2378 240 2432; x_wconf 92' lang='lat' dir='ltr'><strong>ut</strong></span> <span class='ocrx_word' id='word_1_218' title='bbox 261 2370 457 2448; x_wconf 91' lang='lat' dir='ltr'><strong>tranquillitas</strong></span> <span class='ocrx_word' id='word_1_219' title='bbox 484 2374 575 2431; x_wconf 90' lang='lat' dir='ltr'><strong>animi</strong></span> <span class='ocrx_word' id='word_1_220' title='bbox 598 2380 627 2432; x_wconf 89' lang='lat' dir='ltr'><strong>et</strong></span> <span class='ocrx_word' id='word_1_221' title='bbox 647 2374 791 2433; x_wconf 89' lang='lat' dir='ltr'><strong>securitas</strong></span> <span class='ocrx_word' id='word_1_222' title='bbox 812 2371 904 2450; x_wconf 88' lang='lat' dir='ltr'><strong>adsit,</strong></span> <span class='ocrx_word' id='word_1_223' title='bbox 937 2389 1013 2451; x_wconf 91' lang='lat' dir='ltr'><strong>qnae</strong></span> <span class='ocrx_word' id='word_1_224' title='bbox 1041 2371 1126 2432; x_wconf 86' lang='lat' dir='ltr'><strong>affert</strong></span> <span class='ocrx_word' id='word_1_225' title='bbox 1154 2389 1221 2432; x_wconf 91' lang='lat' dir='ltr'><strong>cnm</strong></span> <span class='ocrx_word' id='word_1_226' title='bbox 1244 2387 1322 2430; x_wconf 90' lang='lat' dir='ltr'><strong>con-</strong></span> 
     </span>
     <span class='ocr_line' id='line_1_26' title="bbox 156 2455 1320 2536; baseline 0.003 -26"><span class='ocrx_word' id='word_1_227' title='bbox 156 2464 187 2511; x_wconf 82' lang='lat'><strong>11</strong></span> <span class='ocrx_word' id='word_1_228' title='bbox 208 2455 358 2535; x_wconf 78' lang='lat' dir='ltr'><strong>stantiam,</strong></span> <span class='ocrx_word' id='word_1_229' title='bbox 381 2462 443 2515; x_wconf 93' lang='lat' dir='ltr'><strong>tum</strong></span> <span class='ocrx_word' id='word_1_230' title='bbox 467 2456 553 2516; x_wconf 92' lang='lat' dir='ltr'><strong>etiam</strong></span> <span class='ocrx_word' id='word_1_231' title='bbox 577 2456 760 2533; x_wconf 90' lang='lat' dir='ltr'><strong>dignitatem.</strong></span> <span class='ocrx_word' id='word_1_232' title='bbox 804 2456 890 2517; x_wconf 87' lang='lat' dir='ltr'><strong>ltlulti</strong></span> <span class='ocrx_word' id='word_1_233' title='bbox 919 2463 1016 2517; x_wconf 91' lang='lat' dir='ltr'><strong>autem</strong></span> <span class='ocrx_word' id='word_1_234' title='bbox 1040 2463 1069 2516; x_wconf 92' lang='lat' dir='ltr'><strong>et</strong></span> <span class='ocrx_word' id='word_1_235' title='bbox 1091 2463 1176 2536; x_wconf 87' lang='lat' dir='ltr'><strong>sunt,</strong></span> <span class='ocrx_word' id='word_1_236' title='bbox 1207 2463 1236 2517; x_wconf 90' lang='lat' dir='ltr'><strong>et</strong></span> <span class='ocrx_word' id='word_1_237' title='bbox 1257 2455 1320 2515; x_wconf 89' lang='lat' dir='ltr'><strong>fue-</strong></span> 
     </span>
     <span class='ocr_line' id='line_1_27' title="bbox 207 2538 1321 2622; baseline -0.002 -23"><span class='ocrx_word' id='word_1_238' title='bbox 207 2547 286 2616; x_wconf 89' lang='lat' dir='ltr'><strong>runt,</strong></span> <span class='ocrx_word' id='word_1_239' title='bbox 309 2541 361 2618; x_wconf 87' lang='lat' dir='ltr'><strong>qui</strong></span> <span class='ocrx_word' id='word_1_240' title='bbox 383 2557 459 2617; x_wconf 91' lang='lat' dir='ltr'><strong>eam,</strong></span> <span class='ocrx_word' id='word_1_241' title='bbox 483 2558 570 2619; x_wconf 91' lang='lat' dir='ltr'><strong>qnam</strong></span> <span class='ocrx_word' id='word_1_242' title='bbox 585 2540 661 2619; x_wconf 88' lang='lat' dir='ltr'><strong>dico,</strong></span> <span class='ocrx_word' id='word_1_243' title='bbox 685 2538 928 2622; x_wconf 87' lang='lat' dir='ltr'><strong>tranquillitatem</strong></span> <span class='ocrx_word' id='word_1_244' title='bbox 951 2551 1132 2619; x_wconf 80' lang='lat' dir='ltr'><strong>expetentes,</strong></span> <span class='ocrx_word' id='word_1_245' title='bbox 1156 2559 1171 2599; x_wconf 93' lang='lat' dir='ltr'><strong>a</strong></span> <span class='ocrx_word' id='word_1_246' title='bbox 1194 2542 1321 2618; x_wconf 90' lang='lat' dir='ltr'><strong>negotiis</strong></span> 
     </span>
     <span class='ocr_line' id='line_1_28' title="bbox 207 2622 1319 2705; baseline -0.001 -21"><span class='ocrx_word' id='word_1_247' title='bbox 207 2622 334 2704; x_wconf 88' lang='lat' dir='ltr'><strong>publicis</strong></span> <span class='ocrx_word' id='word_1_248' title='bbox 356 2640 388 2683; x_wconf 88' lang='lat' dir='ltr'><strong>se</strong></span> <span class='ocrx_word' id='word_1_249' title='bbox 410 2626 598 2704; x_wconf 77' lang='lat' dir='ltr'><strong>removerint,</strong></span> <span class='ocrx_word' id='word_1_250' title='bbox 622 2626 657 2685; x_wconf 90' lang='lat' dir='ltr'><strong>ad</strong></span> <span class='ocrx_word' id='word_1_251' title='bbox 682 2627 833 2704; x_wconf 90' lang='lat' dir='ltr'><strong>otiumque</strong></span> <span class='ocrx_word' id='word_1_252' title='bbox 856 2627 1052 2705; x_wconf 90' lang='lat' dir='ltr'><strong>perfugerint.</strong></span> <span class='ocrx_word' id='word_1_253' title='bbox 1089 2626 1122 2686; x_wconf 92' lang='lat' dir='ltr'><strong>ln</strong></span> <span class='ocrx_word' id='word_1_254' title='bbox 1146 2625 1191 2685; x_wconf 88' lang='lat' dir='ltr'><strong>bis</strong></span> <span class='ocrx_word' id='word_1_255' title='bbox 1214 2632 1243 2684; x_wconf 92' lang='lat' dir='ltr'><strong>et</strong></span> <span class='ocrx_word' id='word_1_256' title='bbox 1264 2642 1319 2684; x_wconf 86' lang='lat' dir='ltr'><strong>no·</strong></span> 
     </span>
     <span class='ocr_line' id='line_1_29' title="bbox 208 2705 1321 2790; baseline 0.001 -21"><span class='ocrx_word' id='word_1_257' title='bbox 208 2707 344 2769; x_wconf 90' lang='lat' dir='ltr'><strong>bilissimi</strong></span> <span class='ocrx_word' id='word_1_258' title='bbox 366 2705 538 2789; x_wconf 91' lang='lat' dir='ltr'><strong>philosophi</strong></span> <span class='ocrx_word' id='word_1_259' title='bbox 554 2708 700 2790; x_wconf 87' lang='lat' dir='ltr'><strong>longeque</strong></span> <span class='ocrx_word' id='word_1_260' title='bbox 715 2712 866 2790; x_wconf 87' lang='lat' dir='ltr'><strong>principes</strong></span> <span class='ocrx_word' id='word_1_261' title='bbox 882 2718 911 2770; x_wconf 90' lang='lat' dir='ltr'><strong>et</strong></span> <span class='ocrx_word' id='word_1_262' title='bbox 926 2711 1046 2790; x_wconf 91' lang='lat' dir='ltr'><strong>quidam</strong></span> <span class='ocrx_word' id='word_1_263' title='bbox 1062 2706 1200 2770; x_wconf 92' lang='lat' dir='ltr'><strong>homines</strong></span> <span class='ocrx_word' id='word_1_264' title='bbox 1222 2711 1321 2770; x_wconf 87' lang='lat' dir='ltr'><strong>severi</strong></span> 
     </span>
    </p>
   </div>
   <div class='ocr_carea' id='block_1_3' title="bbox 205 2891 1322 4177">
    <p class='ocr_par' dir='ltr' id='par_1_3' title="bbox 206 2891 1322 3090">
     <span class='ocr_line' id='line_1_30' title="bbox 207 2891 1322 2958; baseline -0.002 -13"><span class='ocrx_word' id='word_1_265' title='bbox 207 2892 325 2956; x_wconf 82' lang='lat' dir='ltr'><strong>Abdere,</strong></span> <span class='ocrx_word' id='word_1_266' title='bbox 344 2891 510 2946; x_wconf 86' lang='lat' dir='ltr'><strong>namentlicb</strong></span> <span class='ocrx_word' id='word_1_267' title='bbox 529 2892 643 2944; x_wconf 73' lang='lat' dir='ltr'><strong>fierden</strong></span> <span class='ocrx_word' id='word_1_268' title='bbox 662 2895 752 2946; x_wconf 76' lang='lat' dir='ltr'><strong>Stant.</strong></span> <span class='ocrx_word' id='word_1_269' title='bbox 765 2923 799 2932; x_wconf 91' lang='lat'>—</span> <span class='ocrx_word' id='word_1_270' title='bbox 817 2912 904 2946; x_wconf 83' lang='lat' dir='ltr'><strong>coneo</strong></span> <span class='ocrx_word' id='word_1_271' title='bbox 922 2893 966 2945; x_wconf 89' lang='lat' dir='ltr'><strong>die</strong></span> <span class='ocrx_word' id='word_1_272' title='bbox 983 2893 1089 2945; x_wconf 75' lang='lat' dir='ltr'><strong>iussere</strong></span> <span class='ocrx_word' id='word_1_273' title='bbox 1106 2891 1322 2958; x_wconf 84' lang='lat' dir='ltr'><strong>Varanlaaanng,</strong></span> 
     </span>
     <span class='ocr_line' id='line_1_31' title="bbox 207 2958 1322 3028; baseline -0.001 -16"><span class='ocrx_word' id='word_1_274' title='bbox 207 2962 281 3012; x_wconf 84' lang='lat' dir='ltr'><strong>ratio</strong></span> <span class='ocrx_word' id='word_1_275' title='bbox 299 2962 421 3027; x_wconf 72' lang='lat' dir='ltr'><strong>efficiens</strong></span> <span class='ocrx_word' id='word_1_276' title='bbox 439 2960 487 3013; x_wconf 88' lang='lat' dir='ltr'><strong>der</strong></span> <span class='ocrx_word' id='word_1_277' title='bbox 499 2958 594 3012; x_wconf 87' lang='lat' dir='ltr'><strong>innere</strong></span> <span class='ocrx_word' id='word_1_278' title='bbox 607 2960 810 3028; x_wconf 86' lang='lat' dir='ltr'><strong>Beweggrund,</strong></span> <span class='ocrx_word' id='word_1_279' title='bbox 827 2960 871 3012; x_wconf 89' lang='lat' dir='ltr'><strong>die</strong></span> <span class='ocrx_word' id='word_1_280' title='bbox 882 2959 1057 3013; x_wconf 84' lang='lat' dir='ltr'><strong>bewirkende</strong></span> <span class='ocrx_word' id='word_1_281' title='bbox 1069 2959 1201 3024; x_wconf 86' lang='lat' dir='ltr'><strong>Ursache,</strong></span> <span class='ocrx_word' id='word_1_282' title='bbox 1220 2959 1322 3011; x_wconf 85' lang='lat' dir='ltr'><strong>welche</strong></span> 
     </span>
     <span class='ocr_line' id='line_1_32' title="bbox 206 3027 1139 3090; baseline 0.005 -12"><span class='ocrx_word' id='word_1_283' title='bbox 206 3027 259 3079; x_wconf 85' lang='lat' dir='ltr'><strong>wir</strong></span> <span class='ocrx_word' id='word_1_284' title='bbox 277 3029 348 3080; x_wconf 88' lang='lat' dir='ltr'><strong>anch</strong></span> <span class='ocrx_word' id='word_1_285' title='bbox 368 3027 490 3090; x_wconf 82' lang='lat' dir='ltr'><strong>Qnelle</strong></span> <span class='ocrx_word' id='word_1_286' title='bbox 508 3045 626 3082; x_wconf 84' lang='lat' dir='ltr'><strong>neuneu.</strong></span> <span class='ocrx_word' id='word_1_287' title='bbox 644 3057 677 3066; x_wconf 92' lang='lat'><em>-</em></span> <span class='ocrx_word' id='word_1_288' title='bbox 695 3031 820 3081; x_wconf 80' lang='lat' dir='ltr'><strong>humana</strong></span> <span class='ocrx_word' id='word_1_289' title='bbox 838 3029 921 3080; x_wconf 71' lang='lat' dir='ltr'><strong>obenz</strong></span> <span class='ocrx_word' id='word_1_290' title='bbox 942 3044 983 3080; x_wconf 90' lang='lat' dir='ltr'><strong>res</strong></span> <span class='ocrx_word' id='word_1_291' title='bbox 1001 3035 1139 3083; x_wconf 81' lang='lat' dir='ltr'><strong>externae.</strong></span> 
     </span>
    </p>

    <p class='ocr_par' dir='ltr' id='par_1_4' title="bbox 205 3093 1321 3759">
     <span class='ocr_line' id='line_1_33' title="bbox 274 3093 1321 3163; baseline -0.001 -16"><span class='ocrx_word' id='word_1_292' title='bbox 274 3100 298 3147; x_wconf 88' lang='grc'><strong>4.</strong></span> <span class='ocrx_word' id='word_1_293' title='bbox 316 3097 350 3147; x_wconf 86' lang='lat' dir='ltr'><strong>ld</strong></span> <span class='ocrx_word' id='word_1_294' title='bbox 368 3097 460 3163; x_wconf 78' lang='lat' dir='ltr'><strong>iprum</strong></span> <span class='ocrx_word' id='word_1_295' title='bbox 482 3095 555 3163; x_wconf 88' lang='lat' dir='ltr'><strong>qnod</strong></span> <span class='ocrx_word' id='word_1_296' title='bbox 572 3095 734 3147; x_wconf 82' lang='lat' dir='ltr'><strong>excellentes</strong></span> <span class='ocrx_word' id='word_1_297' title='bbox 759 3095 862 3148; x_wconf 88' lang='lat' dir='ltr'><strong>animos</strong></span> <span class='ocrx_word' id='word_1_298' title='bbox 885 3095 962 3148; x_wconf 83' lang='lat' dir='ltr'><strong>facit.</strong></span> <span class='ocrx_word' id='word_1_299' title='bbox 981 3130 1015 3138; x_wconf 91' lang='lat'>-</span> <span class='ocrx_word' id='word_1_300' title='bbox 1033 3098 1134 3147; x_wconf 79' lang='lat' dir='ltr'><strong>bonum</strong></span> <span class='ocrx_word' id='word_1_301' title='bbox 1151 3095 1256 3146; x_wconf 83' lang='lat' dir='ltr'><strong>indices</strong></span> <span class='ocrx_word' id='word_1_302' title='bbox 1274 3093 1321 3146; x_wconf 77' lang='lat' dir='ltr'><strong>fur</strong></span> 
     </span>
     <span class='ocr_line' id='line_1_34' title="bbox 207 3162 1321 3216; baseline -0.001 -2"><span class='ocrx_word' id='word_1_303' title='bbox 207 3162 253 3215; x_wconf 88' lang='lat' dir='ltr'><strong>ein</strong></span> <span class='ocrx_word' id='word_1_304' title='bbox 272 3165 331 3214; x_wconf 87' lang='lat' dir='ltr'><strong>Gut</strong></span> <span class='ocrx_word' id='word_1_305' title='bbox 355 3162 456 3216; x_wconf 79' lang='lat' dir='ltr'><strong>halten.</strong></span> <span class='ocrx_word' id='word_1_306' title='bbox 475 3191 510 3199; x_wconf 94' lang='lat'>-</span> <span class='ocrx_word' id='word_1_307' title='bbox 532 3165 606 3215; x_wconf 84' lang='lat' dir='ltr'><strong>ratio</strong></span> <span class='ocrx_word' id='word_1_308' title='bbox 630 3164 739 3215; x_wconf 76' lang='lat' dir='ltr'><strong>stabilia</strong></span> <span class='ocrx_word' id='word_1_309' title='bbox 766 3163 810 3214; x_wconf 89' lang='lat' dir='ltr'><strong>ein</strong></span> <span class='ocrx_word' id='word_1_310' title='bbox 839 3162 1067 3215; x_wconf 85' lang='lat' dir='ltr'><strong>unwandelbarer</strong></span> <span class='ocrx_word' id='word_1_311' title='bbox 1094 3162 1261 3216; x_wconf 80' lang='lat' dir='ltr'><strong>Grundaatz.</strong></span> <span class='ocrx_word' id='word_1_312' title='bbox 1287 3190 1321 3201; x_wconf 89' lang='lat'><strong>--</strong></span> 
     </span>
     <span class='ocr_line' id='line_1_35' title="bbox 205 3229 1320 3298; baseline -0.002 -16"><span class='ocrx_word' id='word_1_313' title='bbox 205 3231 290 3296; x_wconf 79' lang='lat' dir='ltr'><strong>fortio</strong></span> <span class='ocrx_word' id='word_1_314' title='bbox 308 3231 396 3282; x_wconf 82' lang='lat' dir='ltr'><strong>animi</strong></span> <span class='ocrx_word' id='word_1_315' title='bbox 414 3232 570 3282; x_wconf 84' lang='lat' dir='ltr'><strong>ducendum</strong></span> <span class='ocrx_word' id='word_1_316' title='bbox 589 3238 644 3292; x_wconf 79' lang='lat' dir='ltr'><strong>eat3</strong></span> <span class='ocrx_word' id='word_1_317' title='bbox 664 3229 707 3281; x_wconf 90' lang='lat' dir='ltr'><strong>die</strong></span> <span class='ocrx_word' id='word_1_318' title='bbox 726 3230 855 3283; x_wconf 88' lang='lat' dir='ltr'><strong>Genitive</strong></span> <span class='ocrx_word' id='word_1_319' title='bbox 871 3230 934 3282; x_wconf 81' lang='lat' dir='ltr'><strong>sind</strong></span> <span class='ocrx_word' id='word_1_320' title='bbox 953 3230 1105 3298; x_wconf 70' lang='lat' dir='ltr'><strong>pradicativ</strong></span> <span class='ocrx_word' id='word_1_321' title='bbox 1123 3253 1156 3274; x_wconf 88' lang='lat'><strong>==</strong></span> <span class='ocrx_word' id='word_1_322' title='bbox 1174 3229 1320 3298; x_wconf 83' lang='lat' dir='ltr'><strong>magnani-</strong></span> 
     </span>
     <span class='ocr_line' id='line_1_36' title="bbox 206 3295 1321 3432; baseline 0 -16"><span class='ocrx_word' id='word_1_323' title='bbox 206 3295 914 3432; x_wconf 54' lang='lat' dir='ltr'><strong>ttl’.t⁶tlt.f⁰.lttllttlelthttlfnf</strong></span> <span class='ocrx_word' id='word_1_324' title='bbox 927 3298 1321 3418; x_wconf 57' lang='lat' dir='ltr'><strong>labefactatae</strong></span> 
     </span>
     <span class='ocr_line' id='line_1_37' title="bbox 206 3431 1319 3501; baseline 0.001 -18"><span class='ocrx_word' id='word_1_325' title='bbox 206 3431 416 3501; x_wconf 88' lang='lat' dir='ltr'><strong>perturbatione</strong></span> <span class='ocrx_word' id='word_1_326' title='bbox 442 3431 556 3485; x_wconf 87' lang='lat' dir='ltr'><strong>liberum</strong></span> <span class='ocrx_word' id='word_1_327' title='bbox 574 3449 639 3485; x_wconf 84' lang='lat' dir='ltr'><strong>ease.</strong></span> <span class='ocrx_word' id='word_1_328' title='bbox 673 3432 728 3500; x_wconf 80' lang='lat' dir='ltr'><strong>vgl.</strong></span> <span class='ocrx_word' id='word_1_329' title='bbox 755 3434 836 3498; x_wconf 84' lang='lat' dir='ltr'><strong>11,a‚</strong></span> <span class='ocrx_word' id='word_1_330' title='bbox 858 3438 898 3487; x_wconf 89' lang='grc'><strong>10.</strong></span> <span class='ocrx_word' id='word_1_331' title='bbox 935 3433 986 3484; x_wconf 87' lang='lat' dir='ltr'><strong>Die</strong></span> <span class='ocrx_word' id='word_1_332' title='bbox 1009 3433 1138 3500; x_wconf 85' lang='lat' dir='ltr'><strong>Stellung</strong></span> <span class='ocrx_word' id='word_1_333' title='bbox 1164 3433 1210 3484; x_wconf 86' lang='lat' dir='ltr'><strong>des</strong></span> <span class='ocrx_word' id='word_1_334' title='bbox 1228 3441 1319 3485; x_wconf 87' lang='lat' dir='ltr'><strong>autem</strong></span> 
     </span>
     <span class='ocr_line' id='line_1_38' title="bbox 206 3499 1321 3567; baseline -0.001 -15"><span class='ocrx_word' id='word_1_335' title='bbox 206 3500 246 3553; x_wconf 83' lang='lat' dir='ltr'><strong>ale</strong></span> <span class='ocrx_word' id='word_1_336' title='bbox 258 3499 361 3553; x_wconf 83' lang='lat' dir='ltr'><strong>dritten</strong></span> <span class='ocrx_word' id='word_1_337' title='bbox 371 3500 480 3552; x_wconf 85' lang='lat' dir='ltr'><strong>Wortes</strong></span> <span class='ocrx_word' id='word_1_338' title='bbox 493 3499 649 3564; x_wconf 74' lang='lat' dir='ltr'><strong>ischariot,</strong></span> <span class='ocrx_word' id='word_1_339' title='bbox 668 3517 750 3552; x_wconf 71' lang='lat' dir='ltr'><strong>avenn</strong></span> <span class='ocrx_word' id='word_1_340' title='bbox 768 3519 825 3554; x_wconf 84' lang='lat' dir='ltr'><strong>ease</strong></span> <span class='ocrx_word' id='word_1_341' title='bbox 841 3501 903 3553; x_wconf 91' lang='lat' dir='ltr'><strong>eine</strong></span> <span class='ocrx_word' id='word_1_342' title='bbox 919 3500 1070 3567; x_wconf 85' lang='lat' dir='ltr'><strong>Negatiou,</strong></span> <span class='ocrx_word' id='word_1_343' title='bbox 1094 3500 1138 3552; x_wconf 87' lang='lat' dir='ltr'><strong>ein</strong></span> <span class='ocrx_word' id='word_1_344' title='bbox 1157 3502 1321 3567; x_wconf 80' lang='lat' dir='ltr'><strong>Fragewort</strong></span> 
     </span>
     <span class='ocr_line' id='line_1_39' title="bbox 207 3566 1319 3636; baseline -0.001 -16"><span class='ocrx_word' id='word_1_345' title='bbox 207 3566 289 3632; x_wconf 79' lang='lat' dir='ltr'><strong>(Quis</strong></span> <span class='ocrx_word' id='word_1_346' title='bbox 308 3575 348 3620; x_wconf 85' lang='lat' dir='ltr'><strong>est</strong></span> <span class='ocrx_word' id='word_1_347' title='bbox 365 3584 382 3619; x_wconf 86' lang='lat' dir='ltr'><strong>a</strong></span> <span class='ocrx_word' id='word_1_348' title='bbox 399 3568 438 3633; x_wconf 91' lang='lat' dir='ltr'><strong>Il,</strong></span> <span class='ocrx_word' id='word_1_349' title='bbox 456 3572 483 3633; x_wconf 78' lang='lat'><strong>5,</strong></span> <span class='ocrx_word' id='word_1_350' title='bbox 502 3569 529 3636; x_wconf 82' lang='grc'><strong>1)</strong></span> <span class='ocrx_word' id='word_1_351' title='bbox 549 3567 615 3620; x_wconf 88' lang='lat' dir='ltr'><strong>oder</strong></span> <span class='ocrx_word' id='word_1_352' title='bbox 632 3568 676 3620; x_wconf 90' lang='lat' dir='ltr'><strong>ein</strong></span> <span class='ocrx_word' id='word_1_353' title='bbox 694 3567 824 3621; x_wconf 72' lang='lat' dir='ltr'><strong>Pridicet</strong></span> <span class='ocrx_word' id='word_1_354' title='bbox 843 3569 912 3634; x_wconf 84' lang='lat' dir='ltr'><strong>(Par</strong></span> <span class='ocrx_word' id='word_1_355' title='bbox 930 3577 971 3621; x_wconf 83' lang='lat' dir='ltr'><strong>est</strong></span> <span class='ocrx_word' id='word_1_356' title='bbox 989 3571 1028 3635; x_wconf 85' lang='lat' dir='ltr'><strong>a.)</strong></span> <span class='ocrx_word' id='word_1_357' title='bbox 1044 3568 1088 3620; x_wconf 90' lang='lat' dir='ltr'><strong>bei</strong></span> <span class='ocrx_word' id='word_1_358' title='bbox 1100 3569 1157 3621; x_wconf 85' lang='lat' dir='ltr'><strong>sich</strong></span> <span class='ocrx_word' id='word_1_359' title='bbox 1171 3569 1232 3622; x_wconf 85' lang='lat' dir='ltr'><strong>bat:</strong></span> <span class='ocrx_word' id='word_1_360' title='bbox 1251 3568 1319 3619; x_wconf 86' lang='lat' dir='ltr'><strong>eben</strong></span> 
     </span>
     <span class='ocr_line' id='line_1_40' title="bbox 206 3635 1321 3705; baseline 0 -18"><span class='ocrx_word' id='word_1_361' title='bbox 206 3653 236 3688; x_wconf 83' lang='lat' dir='ltr'><strong>so</strong></span> <span class='ocrx_word' id='word_1_362' title='bbox 254 3636 350 3688; x_wconf 88' lang='lat' dir='ltr'><strong>stehen</strong></span> <span class='ocrx_word' id='word_1_363' title='bbox 368 3635 440 3688; x_wconf 84' lang='lat' dir='ltr'><strong>enirn</strong></span> <span class='ocrx_word' id='word_1_364' title='bbox 459 3635 517 3688; x_wconf 91' lang='lat' dir='ltr'><strong>und</strong></span> <span class='ocrx_word' id='word_1_365' title='bbox 535 3635 631 3702; x_wconf 85' lang='lat' dir='ltr'><strong>igitur,</strong></span> <span class='ocrx_word' id='word_1_366' title='bbox 657 3635 710 3702; x_wconf 87' lang='lat' dir='ltr'><strong>vgl.</strong></span> <span class='ocrx_word' id='word_1_367' title='bbox 731 3636 767 3702; x_wconf 89' lang='lat' dir='ltr'><strong>ll,</strong></span> <span class='ocrx_word' id='word_1_368' title='bbox 788 3641 828 3701; x_wconf 87' lang='lat'><strong>13,</strong></span> <span class='ocrx_word' id='word_1_369' title='bbox 845 3643 870 3690; x_wconf 79' lang='grc' dir='ltr'><strong>ὁ.</strong></span> <span class='ocrx_word' id='word_1_370' title='bbox 889 3666 922 3674; x_wconf 96' lang='grc'>-</span> <span class='ocrx_word' id='word_1_371' title='bbox 940 3645 1164 3702; x_wconf 82' lang='lat' dir='ltr'><strong>consentaneum,</strong></span> <span class='ocrx_word' id='word_1_372' title='bbox 1182 3636 1234 3705; x_wconf 81' lang='lat' dir='ltr'><strong>vgl,</strong></span> <span class='ocrx_word' id='word_1_373' title='bbox 1254 3653 1277 3689; x_wconf 88' lang='lat' dir='ltr'><strong>c.</strong></span> <span class='ocrx_word' id='word_1_374' title='bbox 1295 3640 1321 3700; x_wconf 80' lang='lat'><strong>2,</strong></span> 
     </span>
     <span class='ocr_line' id='line_1_41' title="bbox 206 3703 445 3759; baseline 0.021 -5"><span class='ocrx_word' id='word_1_375' title='bbox 206 3706 221 3754; x_wconf 84' lang='lat'>6</span> <span class='ocrx_word' id='word_1_376' title='bbox 239 3703 291 3755; x_wconf 88' lang='lat' dir='ltr'><strong>sibi</strong></span> <span class='ocrx_word' id='word_1_377' title='bbox 309 3711 445 3759; x_wconf 83' lang='lat' dir='ltr'><strong>constare.</strong></span> 
     </span>
    </p>

    <p class='ocr_par' dir='ltr' id='par_1_5' title="bbox 206 3770 1321 4110">
     <span class='ocr_line' id='line_1_42' title="bbox 275 3770 1320 3841; baseline -0.002 -17"><span class='ocrx_word' id='word_1_378' title='bbox 275 3775 298 3824; x_wconf 83' lang='grc'><strong>7.</strong></span> <span class='ocrx_word' id='word_1_379' title='bbox 317 3773 438 3824; x_wconf 81' lang='lat' dir='ltr'><strong>videndo</strong></span> <span class='ocrx_word' id='word_1_380' title='bbox 458 3771 497 3824; x_wconf 84' lang='lat' dir='ltr'><strong>ala</strong></span> <span class='ocrx_word' id='word_1_381' title='bbox 515 3773 672 3840; x_wconf 80' lang='lat' dir='ltr'><strong>Gegensatz</strong></span> <span class='ocrx_word' id='word_1_382' title='bbox 694 3788 729 3823; x_wconf 82' lang='lat' dir='ltr'><strong>zu</strong></span> <span class='ocrx_word' id='word_1_383' title='bbox 748 3770 915 3839; x_wconf 84' lang='lat' dir='ltr'><strong>fugiendas.</strong></span> <span class='ocrx_word' id='word_1_384' title='bbox 935 3790 961 3824; x_wconf 83' lang='lat' dir='ltr'><strong>v.</strong></span> <span class='ocrx_word' id='word_1_385' title='bbox 981 3789 1005 3824; x_wconf 89' lang='lat' dir='ltr'><strong>a.</strong></span> <span class='ocrx_word' id='word_1_386' title='bbox 1024 3772 1182 3841; x_wconf 84' lang='lat' dir='ltr'><strong>spectanda,</strong></span> <span class='ocrx_word' id='word_1_387' title='bbox 1201 3788 1229 3822; x_wconf 82' lang='lat' dir='ltr'><strong>es</strong></span> <span class='ocrx_word' id='word_1_388' title='bbox 1247 3786 1320 3822; x_wconf 84' lang='lat' dir='ltr'><strong>muas</strong></span> 
     </span>
     <span class='ocr_line' id='line_1_43' title="bbox 207 3836 1316 3908; baseline 0.002 -20"><span class='ocrx_word' id='word_1_389' title='bbox 207 3836 250 3889; x_wconf 82' lang='lat' dir='ltr'><strong>ins</strong></span> <span class='ocrx_word' id='word_1_390' title='bbox 270 3840 346 3904; x_wconf 82' lang='lat' dir='ltr'><strong>Auge</strong></span> <span class='ocrx_word' id='word_1_391' title='bbox 364 3839 476 3906; x_wconf 84' lang='lat' dir='ltr'><strong>gelasst,</strong></span> <span class='ocrx_word' id='word_1_392' title='bbox 495 3841 616 3893; x_wconf 83' lang='lat' dir='ltr'><strong>erstrebt</strong></span> <span class='ocrx_word' id='word_1_393' title='bbox 633 3839 752 3892; x_wconf 87' lang='lat' dir='ltr'><strong>werden.</strong></span> <span class='ocrx_word' id='word_1_394' title='bbox 766 3869 798 3877; x_wconf 94' lang='lat'>—</span> <span class='ocrx_word' id='word_1_395' title='bbox 817 3858 851 3891; x_wconf 85' lang='lat' dir='ltr'><strong>oc</strong></span> <span class='ocrx_word' id='word_1_396' title='bbox 867 3842 970 3908; x_wconf 78' lang='lat' dir='ltr'><strong>potius,</strong></span> <span class='ocrx_word' id='word_1_397' title='bbox 989 3840 1043 3908; x_wconf 87' lang='lat' dir='ltr'><strong>vgl.</strong></span> <span class='ocrx_word' id='word_1_398' title='bbox 1062 3858 1084 3893; x_wconf 91' lang='lat' dir='ltr'><strong>c.</strong></span> <span class='ocrx_word' id='word_1_399' title='bbox 1104 3846 1128 3900; x_wconf 78' lang='lat' dir='ltr'><strong>t,</strong></span> <span class='ocrx_word' id='word_1_400' title='bbox 1147 3843 1162 3892; x_wconf 83' lang='lat'>5</span> <span class='ocrx_word' id='word_1_401' title='bbox 1179 3844 1316 3903; x_wconf 77' lang='lat' dir='ltr'><strong>ortusque.</strong></span> 
     </span>
     <span class='ocr_line' id='line_1_44' title="bbox 206 3905 1318 3975; baseline -0.002 -18"><span class='ocrx_word' id='word_1_402' title='bbox 206 3935 239 3943; x_wconf 97' lang='lat'><em>-</em></span> <span class='ocrx_word' id='word_1_403' title='bbox 262 3906 403 3974; x_wconf 73' lang='lat' dir='ltr'><strong>cupiditas</strong></span> <span class='ocrx_word' id='word_1_404' title='bbox 430 3923 456 3959; x_wconf 90' lang='lat' dir='ltr'><strong>u.</strong></span> <span class='ocrx_word' id='word_1_405' title='bbox 479 3916 567 3960; x_wconf 83' lang='lat' dir='ltr'><strong>metue</strong></span> <span class='ocrx_word' id='word_1_406' title='bbox 593 3907 680 3975; x_wconf 87' lang='lat' dir='ltr'><strong>gehen</strong></span> <span class='ocrx_word' id='word_1_407' title='bbox 707 3908 758 3960; x_wconf 88' lang='lat' dir='ltr'><strong>auf</strong></span> <span class='ocrx_word' id='word_1_408' title='bbox 779 3907 993 3961; x_wconf 83' lang='lat' dir='ltr'><strong>beverstehende</strong></span> <span class='ocrx_word' id='word_1_409' title='bbox 1019 3907 1126 3975; x_wconf 73' lang='lat' dir='ltr'><strong>Dioge,</strong></span> <span class='ocrx_word' id='word_1_410' title='bbox 1162 3905 1318 3971; x_wconf 74' lang='lat' dir='ltr'><strong>aegritudo,</strong></span> 
     </span>
     <span class='ocr_line' id='line_1_45' title="bbox 206 3973 1321 4044; baseline -0.001 -20"><span class='ocrx_word' id='word_1_411' title='bbox 206 3975 337 4042; x_wconf 73' lang='lat' dir='ltr'><strong>voluptas</strong></span> <span class='ocrx_word' id='word_1_412' title='bbox 356 3973 413 4025; x_wconf 91' lang='lat' dir='ltr'><strong>und</strong></span> <span class='ocrx_word' id='word_1_413' title='bbox 430 3976 583 4027; x_wconf 81' lang='lat' dir='ltr'><strong>iracundia</strong></span> <span class='ocrx_word' id='word_1_414' title='bbox 619 3976 669 4027; x_wconf 84' lang='lat' dir='ltr'><strong>auf</strong></span> <span class='ocrx_word' id='word_1_415' title='bbox 683 3992 855 4043; x_wconf 82' lang='lat' dir='ltr'><strong>vergangene</strong></span> <span class='ocrx_word' id='word_1_416' title='bbox 874 3976 930 4028; x_wconf 91' lang='lat' dir='ltr'><strong>und</strong></span> <span class='ocrx_word' id='word_1_417' title='bbox 947 3973 1165 4044; x_wconf 77' lang='lat' dir='ltr'><strong>gegenwirtige3</strong></span> <span class='ocrx_word' id='word_1_418' title='bbox 1189 3974 1321 4040; x_wconf 81' lang='lat' dir='ltr'><strong>voluptas</strong></span> 
     </span>
     <span class='ocr_line' id='line_1_46' title="bbox 206 4038 1317 4110; baseline 0 -18"><span class='ocrx_word' id='word_1_419' title='bbox 206 4041 243 4094; x_wconf 87' lang='lat' dir='ltr'><strong>irn</strong></span> <span class='ocrx_word' id='word_1_420' title='bbox 262 4043 419 4110; x_wconf 79' lang='lat' dir='ltr'><strong>Gegenaatz</strong></span> <span class='ocrx_word' id='word_1_421' title='bbox 439 4058 474 4094; x_wconf 85' lang='lat' dir='ltr'><strong>zu</strong></span> <span class='ocrx_word' id='word_1_422' title='bbox 493 4044 639 4108; x_wconf 75' lang='lat' dir='ltr'><strong>aegritudo</strong></span> <span class='ocrx_word' id='word_1_423' title='bbox 658 4043 906 4108; x_wconf 81' lang='lat' dir='ltr'><strong>(Bekrimmernias)</strong></span> <span class='ocrx_word' id='word_1_424' title='bbox 924 4043 985 4095; x_wconf 90' lang='lat' dir='ltr'><strong>eine</strong></span> <span class='ocrx_word' id='word_1_425' title='bbox 1003 4041 1190 4108; x_wconf 83' lang='lat' dir='ltr'><strong>anogelassene</strong></span> <span class='ocrx_word' id='word_1_426' title='bbox 1201 4038 1317 4092; x_wconf 84' lang='lat' dir='ltr'><strong>Frende.</strong></span> 
     </span>
    </p>

    <p class='ocr_par' dir='ltr' id='par_1_6' title="bbox 275 4107 1320 4177">
     <span class='ocr_line' id='line_1_47' title="bbox 275 4107 1320 4177; baseline -0.005 -15"><span class='ocrx_word' id='word_1_427' title='bbox 275 4114 315 4164; x_wconf 89' lang='lat'><strong>11.</strong></span> <span class='ocrx_word' id='word_1_428' title='bbox 335 4111 369 4162; x_wconf 83' lang='lat' dir='ltr'><strong>ln</strong></span> <span class='ocrx_word' id='word_1_429' title='bbox 387 4111 441 4162; x_wconf 81' lang='lat' dir='ltr'><strong>lais.</strong></span> <span class='ocrx_word' id='word_1_430' title='bbox 466 4109 533 4161; x_wconf 92' lang='lat' dir='ltr'><strong>Man</strong></span> <span class='ocrx_word' id='word_1_431' title='bbox 545 4109 659 4162; x_wconf 89' lang='lat' dir='ltr'><strong>beachte</strong></span> <span class='ocrx_word' id='word_1_432' title='bbox 671 4111 731 4163; x_wconf 87' lang='lat' dir='ltr'><strong>bier</strong></span> <span class='ocrx_word' id='word_1_433' title='bbox 743 4111 785 4163; x_wconf 90' lang='lat' dir='ltr'><strong>die</strong></span> <span class='ocrx_word' id='word_1_434' title='bbox 804 4111 970 4177; x_wconf 82' lang='lat' dir='ltr'><strong>abgekrirzte</strong></span> <span class='ocrx_word' id='word_1_435' title='bbox 982 4110 1134 4173; x_wconf 83' lang='lat' dir='ltr'><strong>Setzform3</strong></span> <span class='ocrx_word' id='word_1_436' title='bbox 1154 4107 1320 4175; x_wconf 78' lang='lat' dir='ltr'><strong>cigentlicha</strong></span> 
     </span>
    </p>
   </div>
   <div class='ocr_carea' id='block_1_4' title="bbox 163 4150 1319 4316">
    <p class='ocr_par' dir='ltr' id='par_1_7' title="bbox 163 4150 1319 4316">
     <span class='ocr_line' id='line_1_48' title="bbox 163 4150 1319 4258; baseline -0.003 -30"><span class='ocrx_word' id='word_1_437' title='bbox 163 4150 183 4198; x_wconf 46' lang='grc' dir='ltr'>ι</span> <span class='ocrx_word' id='word_1_438' title='bbox 204 4177 238 4229; x_wconf 91' lang='lat' dir='ltr'><strong>In</strong></span> <span class='ocrx_word' id='word_1_439' title='bbox 257 4177 299 4233; x_wconf 81' lang='lat' dir='ltr'><strong>hie</strong></span> <span class='ocrx_word' id='word_1_440' title='bbox 316 4178 430 4230; x_wconf 89' lang='lat' dir='ltr'><strong>fuerunt</strong></span> <span class='ocrx_word' id='word_1_441' title='bbox 448 4182 476 4229; x_wconf 86' lang='lat' dir='ltr'><strong>et</strong></span> <span class='ocrx_word' id='word_1_442' title='bbox 492 4176 650 4258; x_wconf 84' lang='lat' dir='ltr'><strong>philosophi</strong></span> <span class='ocrx_word' id='word_1_443' title='bbox 667 4186 695 4230; x_wconf 92' lang='lat' dir='ltr'><strong>et</strong></span> <span class='ocrx_word' id='word_1_444' title='bbox 713 4178 821 4247; x_wconf 89' lang='lat' dir='ltr'><strong>qnidam</strong></span> <span class='ocrx_word' id='word_1_445' title='bbox 840 4180 922 4243; x_wconf 86' lang='lat' dir='ltr'><strong>hom,</strong></span> <span class='ocrx_word' id='word_1_446' title='bbox 941 4178 988 4246; x_wconf 90' lang='lat' dir='ltr'><strong>qni</strong></span> <span class='ocrx_word' id='word_1_447' title='bbox 1002 4217 1027 4230; x_wconf 91' lang='lat'><strong>..</strong></span> <span class='ocrx_word' id='word_1_448' title='bbox 1048 4185 1208 4244; x_wconf 87' lang='lat' dir='ltr'><strong>potuerunt.</strong></span> <span class='ocrx_word' id='word_1_449' title='bbox 1223 4192 1319 4256; x_wconf 29' lang='lat' dir='ltr'><strong>-ono-</strong></span> 
     </span>
     <span class='ocr_line' id='line_1_49' title="bbox 205 4244 1319 4316; baseline -0.002 -20"><span class='ocrx_word' id='word_1_450' title='bbox 205 4246 334 4297; x_wconf 77' lang='lat' dir='ltr'><strong>bilissimi</strong></span> <span class='ocrx_word' id='word_1_451' title='bbox 352 4248 432 4316; x_wconf 74' lang='lat' dir='ltr'><strong>plait,</strong></span> <span class='ocrx_word' id='word_1_452' title='bbox 450 4244 540 4310; x_wconf 83' lang='lat' dir='ltr'><strong>Plato,</strong></span> <span class='ocrx_word' id='word_1_453' title='bbox 561 4246 732 4312; x_wconf 80' lang='lat' dir='ltr'><strong>Aristoteles,</strong></span> <span class='ocrx_word' id='word_1_454' title='bbox 750 4246 834 4302; x_wconf 88' lang='lat' dir='ltr'><strong>Zeno.</strong></span> <span class='ocrx_word' id='word_1_455' title='bbox 851 4276 885 4284; x_wconf 96' lang='lat'>—</span> <span class='ocrx_word' id='word_1_456' title='bbox 903 4249 1017 4313; x_wconf 81' lang='lat' dir='ltr'><strong>qnidam</strong></span> <span class='ocrx_word' id='word_1_457' title='bbox 1034 4246 1118 4311; x_wconf 81' lang='lat' dir='ltr'><strong>hom„</strong></span> <span class='ocrx_word' id='word_1_458' title='bbox 1139 4245 1190 4296; x_wconf 88' lang='lat' dir='ltr'><strong>wie</strong></span> <span class='ocrx_word' id='word_1_459' title='bbox 1210 4246 1319 4297; x_wconf 78' lang='lat' dir='ltr'><strong>Aeneas</strong></span> 
     </span>
    </p>
   </div>
   <div class='ocr_carea' id='block_1_5' title="bbox 0 0 1418 4748">
    <p class='ocr_par' dir='ltr' id='par_1_8' title="bbox 0 0 1418 4748">
     <span class='ocr_line' id='line_1_50' title="bbox 0 0 1418 4748; baseline 0 0"><span class='ocrx_word' id='word_1_460' title='bbox 0 0 1418 4748; x_wconf 95' lang='lat' dir='ltr'><strong> </strong></span> 
     </span>
    </p>
   </div>
  </div>
 </body>
</html>
