2826 4748
214 256 274 320 166
578 288 581 294 ·
677 270 724 315 nu
748 267 896 317 oramus

178 421 455 470 arusrnmnuuu
470 403 615 470 venno?
643 404 695 467 56.
721 407 770 467 Sic
787 425 856 485 ergo
873 408 903 468 in
919 407 1094 486 quibusdam
1112 413 1206 470 causis
1222 409 1320 471 dubiis

211 503 245 555 ut
260 513 294 554 ex
316 493 408 554 altera
431 499 514 572 parte
537 491 704 553 defenditur
727 491 874 559 honestas,
899 510 934 549 ex
957 492 1047 553 altera
1071 495 1109 552 ila
1133 495 1169 554 de
1192 493 1319 555 utilitate

212 578 328 648 dicitur,
345 586 378 638 ut
393 577 432 646 id,
457 576 535 657 quod
552 576 624 636 utile
640 575 782 645 videatur,
807 593 865 636 non
883 575 968 635 modo
984 578 1083 636 lacere
1099 577 1256 640 honestum
1272 581 1322 649 sit,

212 662 384 729 sedetiam,
407 680 466 722 nou
489 662 586 721 lacere
609 642 813 738 turpelnaee
837 668 881 720 est
896 659 954 728 illa,
980 677 1055 737 quae
1071 661 1186 723 videtur
1201 661 1317 724 utilium

162 759 194 808 10
211 748 276 807 lieri
304 764 371 806 cum
405 746 535 805 honestis
568 763 656 824 saepe
690 745 843 804 dissensio.
896 745 977 815 Quae
1013 745 1200 806 diiudicanda
1233 755 1320 814 sunt;.

211 824 386 900 nonenim,
421 837 453 890 ut
481 847 705 908 quaereremus,
730 831 933 907 exposuimus,
958 829 1009 890 sed
1034 838 1066 890 ut
1089 829 1311 909 explicaremus.

161 913 259 976 1157.
285 915 349 976 Non
372 917 462 993 igitur
485 913 600 973 videtur
629 930 684 973 nec
713 913 924 972 lcumentarius
950 911 999 973 ille
1022 914 1166 982 Rhodius,
1192 934 1246 975 uec
1269 917 1321 976 hic

210 999 326 1060 aedium
348 1000 483 1059 venditor
506 997 604 1058 celare
626 1005 776 1075 emptores
799 997 946 1058 debuisse.
993 998 1095 1077 Neque
1117 1002 1196 1060 enim
1220 1001 1248 1060 id
1273 1010 1317 1061 est
1366 1066 1370 1075 ⁴

210 1083 316 1152 celare,
340 1082 482 1163 quioquid
506 1083 646 1142 reticeas:
669 1081 720 1142 sed
745 1099 821 1150 clim,
851 1082 929 1161 quod
952 1085 1096 1151 tusciae,
1126 1083 1155 1142 id
1179 1085 1317 1162 ignorare

160 1180 190 1228 12
210 1167 402 1228 emolumenti
424 1170 467 1227 tui
490 1185 577 1227 causa
600 1165 672 1226 velis
694 1184 754 1234 eos,
783 1184 910 1245 quorum
932 1168 1049 1227 intersit
1070 1167 1098 1226 id
1123 1170 1206 1228 scire.
1254 1169 1317 1228 Hoc

209 1260 306 1313 autem
331 1251 444 1312 celandi
468 1269 561 1328 genus
583 1248 667 1328 quale
683 1254 730 1318 sit,
755 1257 784 1310 et
804 1251 888 1312 ouius
904 1251 1037 1321 hominis,
1062 1255 1128 1330 quis
1143 1270 1202 1312 non
1218 1253 1314 1314 videti

209 1335 296 1396 Corte
323 1355 381 1396 non
409 1338 519 1414 aperti,
550 1354 609 1395 nou
637 1333 788 1414 simplicis,
817 1353 874 1394 uon
905 1338 1036 1411 ingenui,
1072 1354 1131 1396 non
1154 1339 1231 1405 iusti,
1256 1356 1316 1398 nou

209 1421 263 1480 viri
280 1420 364 1480 boni:
389 1423 498 1481 versuti
517 1421 623 1498 potius,
640 1418 766 1486 obscuri,
784 1423 883 1485 astuti,
900 1418 1022 1489 fallacis,
1039 1419 1189 1490 malitiosi,
1207 1420 1314 1490 callidi,

208 1505 397 1574 veteratoris,
426 1505 509 1564 valri.
554 1504 633 1565 llaec
661 1512 718 1573 tot,
753 1513 782 1563 et
809 1502 863 1562 alia
892 1505 978 1583 plura
1013 1523 1111 1565 noune
1140 1506 1243 1566 inutile
1272 1514 1324 1566 est.

208 1590 344 1649 vitiorum
368 1589 469 1649 subire
491 1588 630 1649 nominai

159 1678 199 1741 14
292 1670 342 1734 58.
366 1672 475 1743 Quodsi
498 1670 694 1752 vituperandi,
717 1672 768 1750 qui
790 1672 984 1740 reticuerunt,
1008 1673 1079 1751 quid
1096 1673 1131 1732 de
1154 1675 1190 1734 iis
1213 1676 1330 1735 existi-⁴

174 1778 189 1826 2
209 1757 348 1817 orandum
365 1765 417 1824 est,
434 1757 483 1836 qui
500 1757 686 1816 orationis
701 1757 901 1816 vanitatem
917 1755 1133 1817 adhibuerunt?
1150 1759 1180 1817 C.
1197 1759 1315 1827 Canius,

209 1859 299 1920 eques
312 1841 470 1909 Romanus,
487 1858 541 1900 nec
556 1841 700 1900 infacetus
716 1849 746 1900 et
762 1843 833 1900 satis
848 1840 1002 1908 litteratus,
1020 1859 1088 1901 cnm
1104 1860 1136 1901 se
1153 1843 1320 1922 Syracusas-

207 1927 329 1992 otiaudi,
353 1936 384 1986 ut
399 1927 461 2005 ipse
477 1925 577 1985 dicere
596 1923 719 1994 solebat,
742 1942 802 1984 nou
818 1925 986 2002 negotiandi
1002 1943 1099 1994 causa,
1123 1927 1314 1987 contulisset:

206 2010 368 2079 dictitabat,
391 2028 423 2070 se
445 2008 579 2070 hortulos
602 2007 715 2085 aliquos
738 2027 837 2069 emere
858 2009 942 2078 velle,
967 2029 1024 2088 quo
1044 2012 1169 2071 inritare
1192 2013 1315 2080 amicos,

172 2101 237 2155 3et
258 2094 307 2154 ubi
336 2113 368 2156 se
399 2094 550 2155 oblectare
579 2095 642 2154 sine
671 2091 941 2171 interpellatoribus
975 2103 1084 2172 posset.
1134 2094 1217 2165 Quod
1245 2113 1312 2156 oum

205 2179 454 2257 percrebruisset,
492 2178 614 2257 Pythius
649 2181 676 2237 ei
706 2178 839 2254 quidam,
881 2180 931 2257 qui
964 2180 1160 2256 argentariam
1200 2181 1313 2240 faceret

271 2399 296 2447 9.
316 2411 370 2445 non
389 2397 492 2460 facem
510 2394 559 2444 das
576 2391 743 2454 Nichtthun‚
762 2391 787 2442 d.
809 2393 834 2444 h.
852 2391 900 2443 das
913 2393 1091 2446 Uolerlassen
1110 2394 1177 2461 (vgl.
1193 2395 1216 2460 l,
1232 2400 1272 2459 10,
1287 2396 1313 2461 1)

204 2461 343 2513 ersclaeint
366 2461 404 2512 als
427 2468 513 2530 etwas
536 2458 776 2516 Tadelnswerthes
800 2460 918 2527 (turpe).
941 2489 975 2498 -
993 2463 1104 2514 utilium
1124 2492 1156 2499 —
1175 2463 1313 2522 bubastim

130 2548 133 2553 ·
204 2528 248 2578 ein
268 2545 320 2579 rtur
337 2527 364 2579 iu
384 2527 431 2581 der
442 2525 681 2596 philosophischen
695 2527 815 2595 Sprache
829 2526 952 2594 hiiuliger
966 2529 1111 2581 Gebrauch
1124 2529 1213 2582 dieser
1225 2529 1313 2582 Casus

204 2594 243 2646 als
261 2594 505 2647 substantivischer
518 2594 634 2656 Neutra,
653 2593 707 2661 vgl.
725 2593 749 2658 l,
767 2611 791 2647 c.
811 2598 854 2658 45,
873 2599 888 2647 9
906 2596 961 2646 und
981 2604 1065 2649 unteu
1085 2615 1108 2649 c.
1125 2602 1162 2653 17,
1176 2601 1208 2650 14
1227 2597 1309 2650 awei-

203 2663 265 2715 mal.
285 2692 318 2702 -
337 2664 471 2714 dissensio
489 2662 541 2713 wie
559 2662 607 2715 das
620 2662 749 2714 deutsche
768 2661 1008 2729 Widerspruch
1026 2681 1080 2716 von
1092 2663 1242 2722 Menscheu
1262 2666 1314 2718 auf

203 2730 310 2782 Sachen
329 2730 511 2796 tibertragen3
530 2728 678 2796 cigentlich
696 2729 880 2797 discrepantia
899 2732 921 2796 Ι,
940 2737 983 2793 31,
1001 2737 1024 2785 5.
1358 2742 1360 2746 ’

232 2830 234 2835 -
270 2801 311 2850 10.
332 2798 411 2862 Quae
425 2821 459 2841 =
475 2797 521 2849 sed
540 2797 621 2861 heec;
645 2797 698 2863 vgl.
719 2798 742 2861 Ι,
761 2813 783 2852 c.
802 2803 828 2860 4,
846 2803 862 2850 8
885 2815 909 2850 u.
936 2817 958 2851 c.
978 2804 1001 2862 i,
1019 2803 1044 2852 o.
1065 2834 1097 2842 -
1116 2801 1311 2866 diiudicanda,

202 2865 253 2915 wie
272 2882 353 2916 unser
371 2864 542 2917 aburtheilen
561 2865 605 2916 die
623 2864 758 2925 endlicbe,
782 2863 866 2917 letcte
884 2866 1093 2933 Entscheidung
1109 2867 1308 2922 bezeichnend.

201 2962 235 2970 -
252 2935 429 3000 exposuimus
450 2961 484 2971 -
501 2934 715 2999 explicaremus,-
737 2949 766 2983 so
785 2932 862 2984 Brut.
882 2939 925 2996 et,
940 2938 1000 2985 1642
1021 2934 1110 2987 lllulta
1129 2934 1157 2986 in
1177 2935 1224 2986 illa
1243 2953 1307 2988 ora-

203 3001 277 3051 tione
295 3000 427 3066 graviter,
455 3000 540 3052 multa
559 3000 667 3063 leviter,
693 2998 778 3051 multa
796 3017 902 3068 aspere,
922 3002 1007 3053 multa
1025 3003 1112 3054 tacete
1130 3002 1206 3054 dicta
1224 3013 1314 3068 sunt3¹

201 3067 282 3135 plura
295 3068 375 3119 etium
387 3066 469 3132 dicta,
488 3084 568 3135 quern
580 3067 691 3148 scripta,
711 3066 783 3135 quod
796 3084 829 3118 ex
841 3069 1001 3134 quibusdam
1014 3069 1152 3138 capitibus
1165 3073 1306 3138 expositis,

203 3151 251 3185 nec
269 3135 346 3199 (eber
366 3135 453 3200 nicht)
473 3136 617 3202 explicatis
634 3133 752 3201 intelligi
770 3141 868 3202 potest.

271 3207 309 3251 lt.
328 3201 421 3269 Neque
439 3204 524 3260 enim:
546 3201 682 3253 ireilich
701 3201 765 3268 (vgl.
787 3202 810 3265 Ι,
827 3207 869 3258 to.
888 3203 917 3267 8)
941 3202 977 3256 ist
994 3202 1210 3256 Verbeimlichen
1232 3204 1308 3257 nicht

201 3270 245 3320 ein
263 3268 471 3334 Verschweigen
486 3269 625 3336 jedweder
643 3269 745 3331 Sache;
766 3270 897 3337 quicquid
913 3272 1028 3323 reticeas
1041 3294 1074 3315 =
1086 3271 1212 3335 reticere,
1230 3273 1310 3341 quic-

201 3334 338 3403 quidest,
366 3336 437 3404 quod
463 3336 584 3391 reticeas,
607 3365 639 3374 —
662 3339 709 3388 sed
732 3336 760 3387 id
784 3344 825 3389 est
843 3341 945 3403 celare,
964 3355 1136 3394 cum...—
1154 3341 1313 3398 viriliani:

200 3404 254 3470 vgl.
275 3403 313 3464 ΙΙ,
331 3422 354 3455 c.
375 3409 416 3463 10,
435 3409 458 3457 3.
478 3433 510 3442 —
528 3405 636 3454 obscuri
659 3404 810 3468 versteclrt3
834 3405 887 3471 vgl.
907 3406 931 3465 Ι,
950 3423 972 3456 c.
993 3411 1035 3471 17,
1053 3411 1069 3458 9
1092 3406 1255 3474 copulatius.
1276 3435 1309 3445 -

199 3473 300 3524 inutile
309 3470 344 3523 im
356 3472 509 3538 Gegensetc
523 3487 557 3522 cu
570 3470 618 3522 der
629 3471 716 3523 durch
728 3469 790 3522 eine
801 3473 892 3524 solche
902 3472 1147 3540 Hundlungsweise
1160 3475 1309 3540 gesuchten

200 3538 319 3602 utilitas3
339 3537 482 3605 eigentlich
496 3539 532 3590 ist
543 3555 571 3589 es
584 3546 671 3607 turpe,
692 3538 745 3590 und
760 3538 821 3590 weil
837 3540 906 3591 nihil
918 3540 992 3599 utile,
1011 3540 1083 3608 quod
1097 3558 1152 3593 non
1166 3543 1308 3594 honestum

201 3607 269 3673 (vgl,
288 3624 309 3724 c¹
329 3611 361 3659 14
376 3606 514 3672 Schlnss),
532 3606 601 3657 auch
615 3605 720 3657 inutile.
739 3636 765 3643 —-
782 3609 875 3659 subire
887 3609 999 3660 uomina
1017 3608 1069 3660 wie
1081 3608 1173 3662 subire
1185 3610 1315 3677 crimina,

200 3691 332 3742 pencua.

688 3795 758 3844 Kar.
778 3798 817 3844 14.

268 3880 290 3926 1.
310 3876 476 3935 nouitatem
499 3876 554 3944 vgl.
578 3878 601 3940 Ι,
620 3894 643 3928 c.
661 3881 704 3934 42,
727 3881 744 3927 4
768 3893 794 3932 u.
813 3882 838 3930 8.
858 3907 890 3916 -
909 3896 957 3930 nec
980 3879 1119 3944 infacetus
1138 3888 1202 3936 et..
1222 3879 1307 3932 sowol

201 3942 276 3995 nicht
286 3941 355 3994 ohne
366 3942 453 4006 witz,
471 3944 510 3996 als
524 3986 530 3998 .
546 3983 551 3995 .
565 3973 598 3983 -
616 3945 700 4003 satim
712 3944 767 4009 vgl.
782 3945 818 4005 ll,
832 3949 872 4008 26,
885 3950 911 3998 5.
927 3974 957 3984 ·-
970 3948 1148 4012 nepotiondi;
1167 3947 1206 3999 uls
1224 3964 1310 4015 eques

199 4012 338 4063 Romanus
358 4010 436 4063 hatte
458 4028 490 4062 er
511 4011 601 4063 bichor
623 4011 852 4063 wahrscheinlieh
875 4013 951 4064 einer
969 4013 1101 4066 Hendels·
1123 4014 1188 4066 oder
1204 4014 1307 4066 Pacht-

199 4077 368 4148 Compagnie
390 4078 536 4145 angehdrt‚
565 4078 619 4145 vgl.
646 4096 669 4133 c.
689 4085 731 4143 22,
752 4084 775 4131 9.
795 4109 827 4118 -
845 4082 952 4133 hortuli
974 4082 1017 4133 ein
1041 4081 1224 4149 Lustgerten,
1248 4082 1309 4150 §.6

197 4149 266 4198 villo
284 4154 418 4214 genennt,
436 4146 493 4198 also
513 4146 562 4198 mit
579 4147 666 4198 einero
684 4146 857 4202 Landhause.

264 4219 290 4267 3.
310 4216 358 4282 qui
375 4245 408 4255 -
424 4217 545 4281 facerem
572 4213 658 4266 durch
683 4217 733 4265 den
758 4215 927 4283 conjunctis
950 4216 1019 4269 wird
1043 4217 1091 4269 das
1111 4217 1243 4270 Geschilt
1260 4217 1311 4271 dec
