2826 4748
504 292 573 338 ΜΒ.
598 293 621 338 1.
652 289 727 338 cur.
751 292 846 338 xxiv.
1196 276 1235 338 47

121 431 283 512 tranquillo
308 438 512 510 tempestatem
534 430 688 492 adversam
708 437 812 511 optare
828 429 973 491 dementis
996 438 1065 491 estz·
1081 428 1236 490 subvenire

123 525 222 578 autem
245 517 411 595 tempestati
433 517 535 594 quavis
551 518 675 583 ratione,
700 516 855 594 sapientis:
879 533 973 595 eoque
988 515 1097 591 magis,
1122 517 1147 575 si
1168 514 1236 593 plus

124 603 289 680 adipiscare
311 619 345 661 re
368 599 512 679 explicata
534 599 614 671 boni,
639 618 726 681 quam
743 599 914 661 addubitata
937 599 1015 660 mali.
1049 597 1236 660 Periculosae
1254 607 1270 655 a

124 693 222 748 autem
246 702 346 745 rerum
370 685 501 745 actiones
522 687 631 765 partim
645 687 692 766 iis
715 692 798 753 sunt,
827 685 879 764 qui
901 703 950 744 eas
972 685 1146 761 suscipiunt,
1170 701 1236 763 par·

123 773 177 832 tim
200 770 244 830 rei
266 767 412 848 publicae.
457 769 590 848 itemque
612 769 660 830 alii
683 769 720 830 de
741 771 815 838 uita,
845 768 894 829 alii
924 768 960 828 de
983 767 1077 846 gloria
1100 778 1129 828 et
1151 766 1235 828 beni·

123 854 253 915 volentia
276 855 383 914 civium
412 855 442 913 in
471 854 630 914 discrimen
653 863 802 914 vocantur.
847 853 1050 932 Promptiores
1071 855 1162 929 igitur
1185 852 1270 915 der

123 941 230 1002 bemus
252 957 318 999 esse
341 939 377 998 ad
398 947 497 999 nostra
513 938 655 1018 pericula,
678 937 817 1017 quemad
834 940 1012 1006 communia,
1037 937 1238 1016 dimicareque

124 1025 258 1104 paratius
280 1023 317 1083 de
339 1023 452 1084 bonore
469 1033 497 1084 et
512 1023 615 1101 gloria,
639 1041 727 1103 quam
743 1021 781 1083 de
796 1024 904 1083 ceteris
919 1023 1091 1084 commodis.
1124 1018 1173 1082 84.
1192 1020 1236 1080 Ιιι·
1255 1036 1272 1084 8

123 1112 205 1169 venti
228 1117 325 1169 autem
341 1107 518 1179 multisunt,
542 1109 593 1187 qni
607 1126 668 1168 non
684 1107 771 1168 modo
787 1108 951 1186 pecuniam,
976 1107 1028 1167 sed
1045 1108 1133 1167 etiam
1148 1108 1238 1166 vitam

124 1193 307 1274 profundere
330 1211 383 1272 pro
405 1195 502 1272 patria
524 1194 620 1270 parati
643 1201 756 1261 essent,
785 1193 877 1253 iidem
900 1190 1010 1268 gloriae
1033 1193 1178 1252 iacturam
1200 1209 1238 1251 ne

124 1280 279 1339 minimam
301 1277 421 1356 quidem
443 1277 542 1340 lacere
565 1276 685 1346 vellent,
718 1294 757 1337 ne
785 1295 818 1337 rc
845 1275 964 1356 publica
994 1275 1114 1355 quidem
1138 1281 1238 1354 postu·

127 1362 216 1423 lanle.
261 1362 300 1423 Ut
323 1360 534 1431 Callicratidas,
558 1363 618 1441 qui,
642 1380 711 1422 cum
726 1361 1028 1422 Lacedaemoniorum
1052 1360 1111 1421 dux
1134 1361 1272 1420 fuisseca

125 1446 376 1526 Peloponnesiaco
393 1445 485 1517 bello,
508 1446 660 1525 multaque
675 1446 793 1506 lecisset
809 1447 943 1524 egregie,
974 1448 1061 1505 vertit
1083 1444 1120 1506 ad
1142 1454 1239 1505 extre·

125 1549 206 1592 mum
230 1532 343 1600 omnia,
378 1549 445 1592 cum
474 1531 597 1592 consilio
625 1549 685 1591 non
707 1532 806 1610 paruit
828 1549 947 1599 eorum,
982 1532 1033 1609 qui
1055 1527 1180 1589 classem
1203 1527 1239 1588 ab

125 1616 294 1694 Arginussis
317 1615 535 1686 removendam,
559 1633 615 1676 nec
637 1633 705 1675 cum
719 1614 948 1676 Atheniensibus
969 1613 1169 1675 dimicandum
1186 1631 1239 1692 pu-

125 1699 237 1762 tabant.
268 1700 382 1772 Quibus
403 1699 453 1760 ille
468 1700 631 1780 respondit,
654 1699 915 1768 Lacedaemonios,
939 1699 1033 1759 classe
1055 1697 1105 1758 illa
1121 1699 1238 1766 amissa,

126 1783 213 1846 aliam
236 1803 342 1864 parare
370 1802 473 1863 posse;
507 1805 540 1847 se
568 1786 673 1862 lugere
702 1787 766 1844 sine
794 1803 848 1845 suo
878 1782 1025 1845 dedecore
1052 1801 1112 1843 non
1140 1801 1238 1862 posse.

125 1871 220 1949 Atque
236 1869 316 1930 'haee
344 1869 463 1947 quidem
486 1870 727 1930 Lacedaemoniis
755 1867 840 1949 plaga
868 1869 1041 1929 mediocris:
1071 1866 1121 1928 illa
1148 1868 1239 1946 pesti-

125 1955 200 2024 lera,
224 1972 289 2034 qua,
315 1971 383 2014 cum
407 1953 621 2023 Cleombrotus,
644 1952 784 2014 invidiam
806 1956 921 2023 timens,
944 1960 1056 2013 temere
1079 1951 1291 2030 cumEpa-10
1355 1972 1358 1978 ·

126 2039 267 2100 mincnda
282 2037 471 2106 conflixisset,
495 2039 796 2101 Lacedaemoniorum
813 2056 883 2118 opes
899 2043 1089 2098 corruerunt.
1125 2036 1240 2108 Quanto
1260 2050 1290 2098 11

128 2122 163 2194 Q.
187 2123 331 2183 Maximus
354 2121 477 2185 melius?
500 2123 536 2184 de
559 2142 619 2202 quo
640 2122 770 2184 Ennius:

215 2226 297 2286 Unus
317 2224 404 2285 domo
426 2226 511 2286 noble
531 2228 705 2287 cunctando
727 2228 857 2286 restituit
878 2241 952 2298 rem,

214 2309 283 2369 Nou
301 2310 431 2386 ponebat
451 2308 530 2370 euim
552 2326 687 2370 rumores
709 2318 778 2368 aute
799 2312 935 2370 salutem:

213 2393 295 2467 Erpa
314 2400 438 2468 postque
458 2398 611 2469 mucisque
633 2398 693 2455 uiri
712 2411 792 2454 nunc
811 2396 912 2469 cloria
934 2397 1040 2455 clarel,

128 2511 213 2582 Quod
236 2528 330 2589 genus
345 2511 489 2590 peccandi
504 2512 652 2572 vitandum
677 2518 720 2571 est
736 2514 824 2572 etiarn
846 2513 876 2572 in
893 2513 985 2573 rebus
1000 2510 1132 2572 urbanis.
1170 2511 1243 2572 Sunt

169 2710 171 2716 ·
197 2699 225 2749 5,
240 2695 387 2747 subvenire
403 2693 552 2761 eigentlicb
571 2693 792 2760 heranlrommen‚
811 2712 855 2747 um
874 2711 909 2746 zu
928 2695 1027 2760 hellen,
1046 2694 1098 2747 wie
1115 2694 1151 2759 ΙΙ,
1168 2699 1193 2759 4,
1212 2700 1242 2760 1;

60 2802 63 2809 .
131 2762 198 2815 aber
220 2762 291 2814 auch
314 2778 359 2814 um
382 2761 588 2814 abzuhelfen
611 2778 636 2814 z.
661 2763 693 2814 B.
716 2763 754 2826 ΙΙ,
775 2767 850 2826 16,8
874 2763 1032 2816 necessitati
1054 2761 1198 2814 subvenire
1217 2779 1244 2813 u.

132 2829 191 2882 eie.
211 2828 245 2881 de
266 2829 372 2908 rep..I,
393 2834 434 2894 19,
453 2834 484 2882 31
509 2846 596 2897 neque
618 2829 691 2880 bunc
708 2829 907 2898 (Scipionem).
923 2870 929 2883 .
948 2831 990 2884 bis
1009 2840 1065 2884 tam
1083 2828 1243 2910 periculosis

130 2896 212 2949 rebus
231 2897 376 2977 subvenere
394 2895 554 2977 patientum
575 2895 635 2948 hier
652 2897 688 2949 ist
705 2898 790 2950 daber
808 2899 966 2978 tempestati
982 2899 1125 2979 subvenire
1143 2915 1164 2954 s,
1176 2915 1201 2950 v.
1215 2915 1241 2978 a:

129 2963 1120 3102 iillffiiblff?‚liuldoffdrfblebaldi-3⁰ribllbciffgiftiilb
1139 2973 1243 3084 libbi?

127 3099 185 3152 Der
207 3099 277 3152 Sinn
299 3098 352 3152 soll
373 3100 496 3152 offenbar
518 3101 592 3152 seins
616 3116 665 3152 aus
687 3100 735 3152 der
758 3101 1002 3168 (entscblossenen)
1027 3100 1244 3166 Durcbldbrung

128 3167 167 3221 ist
193 3166 237 3219 ein
264 3167 402 3235 grdsserer
421 3167 538 3220 Gewinn
567 3185 600 3219 zu
619 3175 772 3230 erucarum,
790 3168 829 3220 als
847 3186 909 3221 man
927 3169 1053 3222 Scbaden
1072 3168 1137 3233 bet,
1163 3185 1244 3220 orenn

129 3252 193 3288 man
212 3234 254 3286 die
273 3235 362 3288 Sacbe
380 3235 593 3288 unentschieden
611 3235 677 3288 lfisst
696 3237 739 3302 (re
762 3235 790 3287 in
808 3236 891 3288 dubio
909 3237 1030 3303 relicta);
1050 3236 1097 3289 das
1115 3237 1245 3289 Letztere

127 3302 166 3356 ist
184 3301 270 3354 durch
289 3301 450 3356 addubitata
468 3303 531 3355 sebr
551 3303 650 3356 unlrlsr
671 3302 838 3357 bezeichnet.
874 3304 924 3356 Die
942 3305 1097 3370 stellein,
1115 3310 1139 3368 4,
1157 3309 1184 3368 9,
1202 3321 1244 3356 wo

129 3387 157 3488 ἓ
169 3369 407 3489 zweislellhafplseilp
420 3370 511 3436 beisst‚
530 3370 904 3491 p³t⁸⁸t·¹¹{1⁰htr⁸⁰hthi⁹her³
918 3373 1003 3438 mehr,
1015 3373 1081 3426 dass
1093 3390 1135 3424 res
1148 3371 1245 3424 dubiae

143 3455 176 3491 ur
212 3455 363 3491 earvoe
405 3456 455 3491 se
491 3456 536 3491 esa
586 3455 664 3493 wrr.

193 3454 222 3559 b.
240 3524 333 3558 rerum
351 3455 726 3574 acticffiesgsugaugeschiste
745 3505 793 3558 mit
806 3505 966 3573 Beziehung
981 3508 1030 3559 suf
1039 3507 1117 3561 rebus
1131 3506 1245 3574 agitatis

130 3575 156 3637 S.
176 3579 199 3625 1.
221 3608 254 3617 -
272 3575 456 3643 profundere,
479 3573 528 3626 der
549 3591 603 3626 von
626 3583 740 3643 paratus
764 3573 918 3640 ebba'angige
934 3575 1017 3626 infin.
1040 3576 1077 3626 ist
1093 3575 1155 3627 eine
1173 3577 1244 3626 Aus-

131 3640 229 3692 nabme
248 3640 434 3758 pnwielerni)
454 3659 508 3694 von
526 3641 574 3694 der
585 3641 679 3723 megel,
698 3642 759 3695 dass
777 3642 896 3693 desselbe
915 3659 968 3693 nur
985 3643 1025 3695 cis
1037 3643 1117 3698 Nom.
1136 3660 1164 3698 u.
1179 3645 1243 3698 Acc.

129 3707 1245 3856 &littid-bilbilis:,llbsullmdtlbdibffl-“abbatili

131 3860 175 3896 wo
193 3843 281 3910 hegen
300 3843 360 3896 sie?
380 3843 431 3894 Dre
449 3843 580 3897 Schlecht
598 3863 656 3897 wer
673 3850 723 3898 406
742 3865 766 3901 v.
786 3845 850 3897 cnr.
869 3875 902 3883 -
921 3846 1107 3897 Cleombrotus
1125 3845 1173 3897 der
1190 3846 1246 3896 Ur-

131 3911 213 3962 snkel
238 3910 283 3963 des
300 3912 458 3963 bekannten
476 3911 636 3964 Pausanias.
656 3942 689 3950 —
711 3915 847 3965 invidiam
869 3913 913 3964 die
930 3912 1242 3979 gebdssigeNacbrede,

131 3978 195 4030 dass
213 3995 243 4030 er
261 3979 306 4030 ein
325 3980 435 4031 Frennd
453 3979 503 4031 der
520 3980 666 4031 Thebaner
684 3981 730 4041 sei,
750 3998 831 4032 wenn
844 3999 873 4032 er
886 3980 1100 4046 nicbtschliige3
1119 3980 1244 4034 desshalb

132 4045 213 4098 nehm
231 4063 261 4098 er
279 4046 322 4098 die
334 4046 467 4099 Schlscht
479 4065 524 4110 an,
544 4047 666 4099 welche?
680 4077 704 4085 -
728 4049 805 4101 Unus
818 4049 905 4108 bomo,
925 4048 1007 4100 Verse
1022 4064 1072 4099 sus
1084 4047 1136 4100 den
1150 4050 1245 4100 Anna-

131 4112 176 4164 len
194 4113 241 4166 des
259 4113 375 4178 Ennius,
393 4114 441 4165 der
458 4131 502 4165 um
522 4119 569 4166 160
587 4134 611 4167 v.
627 4115 692 4168 chr.
705 4115 785 4168 lebte.
798 4146 832 4154 -
843 4124 958 4183 postque
971 4117 1113 4182 mapisquc
1125 4145 1155 4153 -
1169 4135 1246 4168 nunc

133 4180 253 4261 nacblrpr
277 4180 332 4233 und
356 4183 423 4233 aucb
445 4183 518 4261 jetzt
536 4183 606 4234 noch
624 4183 720 4248 glainzt
737 4184 795 4235 sein
812 4183 902 4235 Rubm
921 4184 1009 4240 mehr,
1035 4183 1074 4236 als
1091 4183 1135 4235 bei
1151 4183 1245 4235 seinen

130 4247 295 4313 Lebzerten3
315 4266 395 4301 wozu
414 4249 512 4316 gebort
529 4249 586 4302 also
605 4251 753 4317 cigentlicb
772 4251 819 4304 das
838 4252 935 4304 zweite
948 4251 1022 4319 que?
1034 4280 1067 4288 —
1080 4252 1176 4316 claret,
1189 4270 1246 4303 svo-
