2826 4748
451 293 520 341 cm.
543 296 595 342 111.
632 294 707 345 cae.
730 297 806 343 x111.
836 295 907 342 xrv.
1175 274 1233 338 liri

122 434 284 513 Syracusis,
308 433 425 492 venales
447 433 566 509 quidem
593 453 624 495 se
646 435 748 494 hortos
769 450 827 494 non
851 432 970 500 habere,
995 430 1045 491 sed
1070 430 1161 493 licere
1186 432 1230 490 uti

124 518 224 586 Canio,
248 521 274 577 si
296 516 391 586 vellet,
415 525 447 576 ut
469 520 544 579 suis:
569 528 598 579 et
620 520 706 579 simul
725 517 760 578 ad
777 534 897 577 coenam
914 516 1062 576 hominem
1078 518 1109 574 in
1125 515 1229 575 hortos

122 603 253 662 invitavit
274 604 304 660 in
328 609 478 680 posterum
500 603 586 663 diem.
625 602 768 664 dumille
791 601 989 680 promisisset;
1014 608 1076 660 tum
1092 599 1223 679 Pythius,
1246 604 1263 651 4

122 689 173 766 qui
189 693 273 754 esset,
290 694 322 746 ut
336 686 529 762 argentarius,
543 687 619 766 apud
635 705 739 748 omnes
754 686 873 747 ordines
889 686 1044 761 gratiosus,
1062 687 1225 762 piscatores

120 769 159 831 ad
182 787 213 829 se
235 772 415 838 convocavit,
431 777 459 829 et
474 771 512 831 ab
527 772 572 831 his
587 773 697 850 petivit,
721 779 752 831 ut
766 779 833 830 ante
849 787 918 830 suos
933 768 1066 829 hortulos
1083 768 1224 846 postridie

124 855 325 934 piscarentur:
349 852 490 933 dixitque,
513 855 584 934 quid
608 873 658 915 eos
680 857 778 916 lacere
800 853 897 915 vellet.
943 853 984 914 ld
1007 871 1129 913 coenam
1152 862 1225 913 tem·
1244 868 1260 917 5

124 948 198 1018 pore
221 941 300 998 venit
315 939 440 998 Canius:
464 943 586 1020 opipare
608 958 624 1000 a
641 940 742 1020 Pythio
758 946 931 1016 apparatum
948 939 1129 998 convivium:
1152 955 1230 1016 cym-

126 1023 231 1083 barum
267 1029 334 1082 ante
362 1022 463 1083 oculos
492 1025 665 1085 multitudo:
697 1043 751 1102 pro
777 1042 809 1084 se
838 1024 976 1102 quisque,
1000 1021 1078 1101 quod
1102 1030 1230 1099 ruperat.

119 1106 283 1168 alienabat:
318 1116 385 1168 ante
417 1107 509 1186 pedes
544 1109 640 1187 Pythii
674 1112 769 1187 pisces
803 1105 1025 1167 abiiciebantur.
1075 1101 1128 1168 59.
1156 1105 1268 1165 Tnmo

122 1190 245 1260 Canius,
266 1189 390 1261 Quaeso,
412 1194 525 1269 inquit,
541 1194 610 1272 quid
628 1201 673 1254 est
694 1193 765 1262 hoo,
789 1192 895 1269 Pythii
923 1194 1076 1251 tantumne
1099 1192 1232 1266 piscium,

127 1285 279 1336 tantumne
303 1275 494 1355 cymbarum?
516 1277 555 1338 Et
574 1277 632 1348 ille,
656 1278 730 1348 Quid
746 1278 873 1336 mirum?
895 1277 1004 1355 inquit;
1028 1274 1084 1335 hoc
1099 1274 1162 1335 loco
1178 1285 1232 1342 cst,

120 1359 279 1438 'Syracusis
302 1360 439 1438 quicquid
463 1370 508 1422 est
528 1363 670 1440 piscium:
693 1363 742 1422 hic
757 1364 888 1440 aquatio:
913 1360 967 1420 hac
983 1359 1049 1419 villa
1064 1362 1113 1419 isti
1130 1376 1232 1419 carere

126 1462 186 1504 non
209 1452 342 1524 possunt.
383 1445 526 1506 Incensus
548 1447 655 1508 Canius
678 1446 836 1525 cupiditate
858 1444 1011 1506 contendit
1032 1444 1176 1522 aPythio.
1201 1451 1234 1504 ut

123 1528 276 1588 venderet.
328 1530 452 1590 Gravate
480 1529 528 1590 ille
555 1533 661 1610 primo.
710 1530 785 1602 Quid
815 1528 923 1590 multa?
957 1532 1105 1606 impetrat.
1157 1528 1266 1588 Emttr

124 1612 214 1672 *homo
238 1613 363 1692 cupidus
392 1622 421 1674 et
449 1613 581 1696 locuples
604 1617 686 1685 tanti,
716 1618 820 1692 quanti
842 1613 965 1692 Pythius
986 1612 1086 1680 voluit,
1111 1621 1140 1670 et
1163 1613 1233 1671 emit

122 1698 295 1758 instructoe.
351 1697 475 1759 Nomina
505 1699 591 1770 lacit,
632 1701 783 1778 negotium
818 1699 947 1759 conficit.
991 1697 1096 1757 invitat
1125 1697 1266 1758 Caniuss

125 1781 270 1860 postridie
292 1779 452 1842 familiares
474 1803 552 1844 suos.
598 1786 681 1845 Venit
702 1786 764 1864 ipse
787 1791 912 1844 mature.
951 1781 1100 1842 Scalmum
1121 1779 1233 1841 nullum

125 1866 215 1925 videt.
267 1864 390 1936 Quaerit
419 1885 456 1926 ox
485 1871 620 1944 proximo
649 1869 758 1937 ricino,
786 1886 856 1928 num
884 1867 975 1927 leriae
1003 1866 1147 1944 quaedam
1174 1868 1234 1942 pis·

124 1956 262 2009 catorum
285 1957 397 2018 essent,
429 1952 507 2030 quod
527 1953 581 2012 'eos
612 1953 708 2012 nullos
729 1953 851 2011 videret.
896 1951 1008 2017 Nullae,
1032 1949 1110 2026 quod
1133 1952 1233 2018 sciam,

126 2032 176 2093 ille
205 2036 315 2112 inquit,
344 2033 396 2094 sed
428 2034 475 2094 hic
503 2037 611 2115 piscari
644 2034 716 2096 nulli
738 2034 847 2097 solent:
876 2036 974 2111 itaque
1006 2033 1073 2094 heri
1095 2033 1233 2102 mirabar,

126 2117 198 2196 quid
221 2118 388 2178 accidisset.
423 2115 473 2179 60.
497 2119 679 2181 Stomachari
695 2120 813 2180 Canius.
844 2119 900 2179 Sed
917 2118 987 2200 quid
1002 2119 1134 2178 laceret?
1155 2117 1234 2177 Non·
1253 2133 1268 2181 9

128 2203 199 2264 dum
230 2204 310 2262 essim
339 2203 497 2278 Aquillius.
529 2203 640 2281 collega
668 2213 697 2266 ct
718 2204 869 2265 familiaris
890 2222 990 2272 meus,
1013 2201 1178 2281 protulerat
1199 2201 1235 2261 de

128 2285 195 2346 dolo
231 2285 308 2346 malo
330 2287 483 2349 formulas.
527 2289 560 2350 ln
590 2289 698 2366 quibus
718 2291 800 2368 ipsis,
824 2307 891 2348 cum
912 2307 948 2348 ex
977 2307 1012 2347 eo
1027 2294 1231 2371 quaereretur,
1253 2300 1284 2352 ιο

127 2371 198 2451 quid
222 2380 300 2431 esset
322 2371 406 2432 dolus
421 2371 528 2441 malus;
551 2373 759 2453 respondebat,
783 2391 850 2435 cum
866 2380 943 2434 esset
959 2371 1035 2432 aliud
1052 2370 1228 2438 simulatum,

125 2503 157 2555 P.
177 2502 217 2554 ais
235 2502 292 2556 eins
310 2503 479 2565 bezeichnet,
503 2505 620 2558 welches
641 2506 731 2559 solche
747 2505 809 2558 List
826 2511 1019 2558 voraussetaen
1041 2502 1119 2556 lesse.
1137 2533 1170 2542 —
1189 2505 1232 2556 uti

125 2569 189 2635 illis,
208 2587 274 2637 quos
293 2569 411 2623 haberet.
431 2601 463 2608 —
482 2581 513 2623 ut
531 2575 591 2624 auis
602 2596 635 2617 =
648 2591 680 2625 ac
696 2573 720 2625 si
738 2572 819 2626 Canii
837 2581 935 2626 essent.

194 2641 219 2689 4.
239 2639 411 2705 promisisset
426 2656 455 2690 se
472 2650 628 2702 ventarum,
647 2641 770 2693 deutsch:
789 2648 922 2707 augesagt
940 2640 1027 2692 hatte.
1045 2666 1078 2676 -·
1097 2641 1144 2705 pai
1163 2645 1233 2690 esset

126 2704 204 2823 filebi
225 2705 319 2756 seinen
340 2705 465 2758 Einlluss
488 2707 649 2774 (gratiosas)
676 2707 716 2760 als
739 2708 898 2774 Erkiirnng
920 2724 955 2759 zu
977 2705 1026 2758 der
1046 2704 1233 2772 Leichtigkeit

147 2790 177 2824 er
195 2771 374 2838 Ausfiihrang
391 2790 436 2829 an,
454 2803 486 2812 -
505 2784 637 2841 ternpore,·
656 2775 732 2828 nicht
750 2775 802 2827 wie
820 2776 844 2840 Ι,
856 2780 899 2840 ⁶29,
913 2779 956 2838 12,
973 2773 1093 2826 sondern
1111 2773 1154 2824 boi
1167 2773 1231 2824 Zei-

126 2853 183 2892 ten.
204 2869 235 2877 -
254 2840 368 2907 opipare
386 2841 512 2906 kostbar,
534 2861 589 2894 von
607 2860 656 2911 ops
675 2843 731 2894 und
748 2859 862 2910 parare,
881 2842 926 2893 ein
943 2841 1073 2894 seltneres
1090 2840 1180 2897 Wort,
1200 2868 1232 2879 -

126 2924 185 3025 ρνιίὶ
200 2925 227 2957 aa
250 2908 366 2975 quisquc
382 2908 473 2960 vleder
495 2909 617 2973 einzeln;
647 2910 723 2963 nicht
745 2910 795 2962 alle
819 2926 973 2962 zusammen
995 2909 1061 2961 oder
1086 2907 1162 2959 einer
1188 2907 1232 2959 hir

126 2991 167 3026 rue
189 2991 256 3025 rere.

194 3049 218 3097 7,
237 3043 376 3094 Graouta:
401 3044 610 3109 vg1.11,1a,e
637 3045 691 3097 und
718 3045 836 3111 ergiinze
862 3044 1010 3114 respondit.
1033 3072 1065 3080 -
1091 3045 1232 3109 impetrat,

128 3108 246 3160 ndmlich
271 3109 381 3162 Canius.
404 3141 437 3148 —
461 3120 486 3162 et
510 3114 589 3172 errrit,¹
615 3112 663 3165 das
684 3112 800 3164 Verbum
828 3112 866 3165 ist
892 3129 945 3164 nur
971 3112 1018 3163 der
1041 3110 1232 3179 Ankndpfung

126 3193 222 3295 Hegea
242 3175 418 3297 ivgetgrhtoln
437 3177 565 3298 dergtschss
581 3179 637 3231 und
655 3198 739 3232 zwar.
756 3215 786 3224 -
803 3182 954 3232 instructos
971 3178 1164 3245 eingerichtet3
1183 3178 1235 3231 auf

155 3261 203 3296 aus
222 3261 257 3294 an
324 3261 403 3297 eren
421 3263 454 3298 zu
491 3264 548 3299 eale
567 3264 623 3307 en„

195 3315 220 3365 8.
239 3311 452 3378 Nomiaafacit:
471 3315 605 3367 Asconius
618 3331 652 3367 aa
671 3315 722 3366 den
736 3314 842 3368 Verrin.
861 3315 898 3376 11,
919 3319 942 3382 1,
958 3319 989 3368 10
1007 3314 1123 3366 erkiirt:
1141 3313 1230 3365 Tituli

127 3378 282 3431 debitorum
306 3378 361 3443 (die
383 3380 538 3450 Rubriken,
566 3383 668 3436 Postea
695 3382 744 3435 der
765 3382 930 3448 Schulduer)
957 3385 1070 3434 aomina
1092 3381 1231 3446 dicantur,

125 3446 284 3512 praesertim
307 3446 336 3498 in
360 3447 394 3501 iis
416 3448 526 3516 debitis,
554 3449 582 3502 in
606 3450 701 3519 quibus
724 3450 861 3503 hominum
890 3450 999 3502 nomina
1025 3449 1129 3517 scripta
1154 3453 1229 3515 suut,

126 3512 222 3580 quibus
238 3513 371 3581 pecuniae
388 3518 572 3570 commodatae
589 3525 662 3574 sunt.
697 3519 778 3570 Facit
797 3519 835 3571 ist
858 3534 914 3570 nun
937 3535 966 3570 so
985 3514 1037 3567 viel
1055 3515 1094 3567 als
1113 3515 1231 3582 perscri-

126 3579 181 3645 bit3
201 3579 319 3648 Pythius
337 3590 401 3649 trag
418 3582 469 3636 den
487 3589 603 3648 Posten,
625 3586 670 3638 die
686 3585 874 3651 neutrumne,
896 3584 984 3637 sofort
1005 3583 1047 3634 ins
1065 3580 1230 3651 Hauptbuch

125 3647 180 3707 ein,
199 3646 331 3700 wodnrch
348 3648 464 3702 dieselbe
475 3653 657 3720 rechtsgfiltig
669 3653 778 3717 wurde3
798 3652 883 3705 daher
893 3670 954 3717 nep.
968 3651 1085 3718 conficit,
1098 3667 1129 3702 er
1140 3648 1233 3702 machi

128 3715 179 3766 das
199 3714 331 3767 Geschiilt
350 3716 516 3786 vollstrindig
542 3720 584 3773 eb.
609 3749 640 3760 -
658 3728 779 3785 matare,
807 3719 881 3772 mehr
907 3722 948 3770 als
970 3723 1030 3783 §.5
1053 3724 1181 3786 tempore.
1198 3746 1232 3756 -
1269 3754 1272 3759 -

130 3785 257 3835 Scolmus
275 3784 323 3833 des
340 3782 497 3836 Ruderholz
514 3786 560 3839 fur
577 3788 629 3839 den
646 3787 744 3850 Kahn;
768 3787 820 3838 wie
841 3786 893 3838 wir
915 3803 1012 3866 sagena
1036 3802 1066 3837 er
1087 3785 1136 3838 sah
1153 3785 1233 3837 kalne

126 3849 232 3915 Flauus,
256 3850 280 3903 d.
301 3848 328 3903 h.
351 3851 449 3903 keinen
473 3853 565 3906 Fisch.
583 3884 616 3894 -
634 3872 679 3906 eos
697 3856 790 3906 nullas
819 3854 902 3906 deren
920 3855 1011 3915 kenne,
1043 3852 1096 3920 vgl.
1113 3855 1135 3917 Ι,
1154 3858 1196 3918 45,
1216 3857 1231 3904 2

125 3934 159 3968 ea
177 3916 323 3986 permulta.
336 3921 410 3970 -·A
428 3921 540 3983 ailir‘cs;
560 3922 589 3973 0.
611 3922 662 3991 aq.
673 3921 780 3989 Gallus,
800 3921 921 3975 Cicero’s
939 3921 1050 3988 college
1068 3921 1108 3974 als
1125 3921 1231 3973 Pretor.

194 3991 218 4039 9.
237 3987 300 4038 dolo
322 3987 394 4038 maio
412 3937 566 4055 losrviuige
588 3989 864 4056 Uebervorthoilung.
889 4019 919 4028 -
945 3991 1083 4055 formulas
1112 3986 1229 4040 Rechts·

125 4051 349 4120 bestimmungen,

194 4127 234 4177 10.
252 4122 492 4204 quuituripsia
514 4123 564 4176 mit
586 4131 657 4176 esset
679 4141 713 4177 au
735 4124 896 4189 verbindeu‚
924 4124 978 4192 vgl.
997 4124 1020 4190 Ι,
1040 4141 1061 4176 c.
1081 4129 1107 4188 3,
1125 4128 1140 4175 5
1159 4123 1231 4192 quod

126 4204 176 4239 cur
194 4189 295 4243 factum
312 4191 358 4242 sit.
379 4219 413 4228 -·
429 4192 500 4258 apris
516 4191 594 4257 eheu,
611 4210 630 4244 v
649 4192 666 4244 l.
684 4192 708 4259 Ι,
726 4210 748 4245 c.
768 4197 811 4259 15,
830 4198 854 4248 1.
866 4222 900 4231 -
912 4194 992 4245 aliud
1008 4220 1042 4230 —
1060 4192 1155 4258 aliud3
1173 4191 1228 4258 vgl.

127 4254 166 4322 11,
184 4273 206 4312 c,
226 4259 265 4321 18,
284 4261 308 4308 2.
327 4286 358 4295 -
378 4259 517 4312 luculente
535 4259 619 4328 (auch
630 4208 805 4328 luculenter)
822 4260 902 4327 dixit,
920 4258 1069 4328 respondit.
