2826 4748
172 271 214 336 30
616 286 662 333 ou
686 285 848 334 OFFIGIIS.

124 441 155 490 11
176 427 244 487 odio
267 426 354 503 digna
378 428 498 487 maiore.
543 425 646 486 Totius
668 436 765 486 autem
782 425 942 485 iniustitiae
966 422 1045 485 nulla
1061 424 1213 504 capitalior
1229 434 1290 494 est,

174 528 261 589 quam
284 529 404 580 eorum,
436 512 584 590 quitum,
614 529 680 571 cuna
705 510 830 570 maxime
852 508 967 577 lallunt,
991 509 1020 569 id
1042 519 1147 587 agunt,
1173 519 1204 570 ut
1228 511 1286 570 riri

175 596 247 656 boni
271 614 336 656 esse
360 596 523 659 videantur.
569 596 609 655 lle
631 596 740 656 iustitia
765 596 836 655 satis
859 594 969 655 dictum
993 602 1045 654 est.

124 672 164 736 14
259 676 309 740 42.
341 680 503 758 DeincepS,
535 688 567 738 ut
595 689 658 738 crat
684 680 884 757 propositum,
909 679 944 738 de
967 677 1224 739 beneficentIa
1248 699 1285 739 ac

173 765 209 825 de
232 763 475 825 liberalitate
497 763 628 833 dicatur;
652 781 707 841 qua
732 765 849 842 quidem
866 763 937 823 nibil
960 774 1003 823 est
1019 772 1140 823 naturae
1156 764 1290 824 bominis

139 863 155 910 2
174 850 437 910 accommodatius:
462 847 513 907 sed
529 847 617 908 habet
633 848 738 909 multas
753 853 914 908 cautiones.
952 848 1117 909 Videndum
1142 857 1185 909 est
1202 850 1283 908 enim

171 935 316 1013 primum,
347 951 383 994 ne
407 932 483 993 obsit
506 931 670 1011 benignitas
695 944 723 992 et
745 934 780 991 iis
803 933 889 1011 ipsis,
925 931 1031 1010 quibus
1053 931 1180 1010 benigue
1202 934 1287 992 vide·

171 1019 251 1079 bitur
274 1019 353 1088 fieri,
383 1026 413 1079 et
435 1020 557 1087 ceteris;
588 1017 712 1084 deinde,
742 1036 780 1077 ne
802 1020 896 1076 maior
919 1017 1084 1094 benignitas
1107 1021 1164 1086 sit,
1195 1034 1284 1094 quam

171 1102 339 1170 facultatem
365 1110 436 1171 tum,
460 1109 492 1161 ut
513 1120 568 1180 pro
592 1102 733 1180 dignitate
757 1104 864 1179 cuique
889 1101 1045 1162 tribuatur.
1083 1100 1114 1161 ld
1138 1103 1217 1161 enim
1238 1113 1285 1161 est

171 1189 301 1248 iustitiae
323 1187 556 1255 laudamentum,
580 1187 616 1247 ad
639 1205 726 1264 quam
749 1187 821 1246 haec
845 1184 1002 1246 reserenda
1025 1196 1094 1245 suut
1116 1188 1222 1245 omnia.

139 1286 154 1333 3
250 1271 324 1332 Nam
340 1281 369 1332 et
384 1273 433 1350 qui
449 1273 652 1348 gratificantur
667 1273 803 1348 cuipiam,
821 1271 898 1349 quod
915 1269 993 1329 obsit
1007 1270 1058 1337 illi,
1076 1274 1123 1330 oui
1139 1269 1286 1349 prodesse

172 1357 247 1416 velle
270 1356 441 1420 videantur:
476 1374 535 1416 uon
563 1357 701 1426 benefici,
734 1374 830 1435 neque
859 1355 1010 1424 liberaleS,
1041 1355 1094 1416 'sed
1122 1356 1283 1434 perniciosi

173 1449 371 1501 assentatores
393 1440 540 1501 iudicandi
562 1450 647 1502 sunt:
672 1451 700 1500 et
721 1444 772 1519 qui
788 1441 855 1500 aliis
870 1451 986 1510 nocent,
1010 1449 1042 1500 ut
1064 1443 1094 1500 in
1118 1439 1191 1500 alios
1206 1439 1286 1500 libe·

173 1523 250 1585 rales
272 1526 345 1592 sint,
380 1528 411 1585 in
435 1525 535 1585 eadem
565 1536 632 1586 sunt
653 1526 808 1593 iniustitia,
841 1532 875 1584 ut
896 1525 919 1584 si
942 1526 972 1585 in
996 1542 1077 1585 suam
1101 1542 1163 1584 rem
1187 1523 1281 1586 aliena

139 1618 357 1671 tconvertant.
401 1607 453 1670 43.
478 1610 551 1670 Sunt
574 1618 672 1669 autem
695 1608 788 1677 multi,
814 1618 842 1670 et
858 1609 975 1688 quidem
999 1609 1099 1687 cupidi
1116 1609 1286 1687 splendoris

174 1704 204 1754 et
225 1694 343 1772 gloriae,
368 1696 418 1773 qui
441 1696 572 1772 eripiunt
593 1696 668 1764 aliis,
693 1692 770 1773 quod
794 1695 857 1754 aliis
879 1694 1047 1771 largiantur.
1084 1693 1181 1770 ilique
1203 1693 1283 1754 arbi-

174 1787 301 1845 trantur,
336 1798 367 1838 se
401 1779 549 1839 beneficos
575 1782 605 1838 in
635 1797 703 1839 suos
731 1779 840 1838 amicos
867 1781 961 1839 visum
985 1778 1031 1848 iri,
1056 1780 1080 1838 si
1103 1778 1286 1857 locupletent

175 1881 225 1923 eos
248 1880 422 1941 quacunque
450 1865 582 1925 ratione·
616 1863 646 1922 ld
671 1871 766 1923 autem
790 1869 903 1923 tautum
931 1862 1014 1923 abest
1043 1863 1079 1923 ab
1109 1864 1220 1932 officio,
1250 1871 1284 1923 ut

140 1953 156 2001 5
176 1947 248 2008 nihil
271 1951 364 2026 magis
387 1949 483 2009 oliicio
506 1951 599 2027 possit
623 1967 686 2009 esse
703 1950 896 2008 contrarium.
933 1947 1097 2008 Videndum
1122 1955 1166 2008 est
1180 1950 1284 2024 igitur,

174 2042 206 2093 ut
228 2051 261 2093 ea
284 2032 460 2094 liberalitate
488 2043 621 2103 utamur,
656 2051 730 2110 quae
754 2036 849 2111 prosit
875 2035 991 2103 amicis,
1026 2043 1130 2093 noceat
1160 2035 1282 2093 nemini.

102 2118 107 2127 '
140 2116 271 2187 60uare
293 2119 325 2179 L.
350 2117 447 2179 Sullae
475 2126 504 2179 et
535 2119 565 2179 C.
589 2119 724 2180 Caesaris
751 2119 945 2195 pecuniarum
974 2115 1124 2177 translatio
1153 2135 1167 2175 a
1196 2119 1286 2177 iustis

173 2202 298 2262 dominis
331 2203 366 2262 ad
396 2201 508 2262 alienos
537 2220 593 2262 nou
624 2202 710 2262 debet
739 2201 868 2262 liberalis
891 2203 998 2268 videri;
1033 2199 1104 2259 nibil
1132 2209 1175 2259 est
1204 2203 1284 2262 euim

173 2285 305 2356 liberale,
330 2287 407 2363 (puod
431 2306 490 2347 non
513 2288 592 2346 idem
614 2289 732 2348 iustum.

174 2469 261 2518 ruug,
287 2452 428 2518 Kleidung
454 2459 507 2504 etc.
530 2482 561 2490 -
585 2453 677 2504 odium
698 2446 813 2519 jederlei
832 2450 1009 2518 Abneigung‚
1027 2449 1208 2515 Widerwille3
1228 2450 1284 2517 egl,

173 2538 196 2572 c.
216 2526 257 2587 19,
277 2524 301 2572 6.
322 2525 365 2583 25,
383 2525 398 2572 9
418 2537 443 2571 u.
463 2537 487 2574 o.
506 2524 549 2585 36,
567 2525 592 2573 3.
611 2525 652 2582 39,
671 2525 685 2571 t
705 2519 814 2571 odioeue
833 2517 889 2570 und
907 2519 955 2570 das
975 2518 1133 2571 horaziecbe
1147 2518 1201 2570 Odi
1219 2536 1283 2586 pro·

173 2588 269 2641 fenum
287 2587 386 2654 vulgus
404 2596 433 2640 et
444 2605 533 2643 arceo.
546 2617 580 2624 —-
595 2588 694 2639 Totius
711 2605 764 2638 von
778 2587 826 2638 der
838 2602 943 2652 ganzen
958 2587 1095 2653 Gattung,
1116 2585 1172 2638 also
1186 2602 1281 2651 wegcu

173 2655 219 2706 des
238 2655 383 2722 folgenden
403 2655 478 2708 nulla
495 2675 516 2709 a.
530 2674 556 2707 v.
572 2673 597 2708 a.
619 2655 736 2707 omnium
758 2655 929 2707 iniuriarum.
948 2683 979 2692 -
998 2663 1066 2719 tum,
1089 2672 1149 2705 eum
1166 2656 1285 2704 maxime

173 2724 274 2790 gerade
299 2722 386 2784 danu,
415 2741 495 2776 wenn
522 2725 561 2777 sie
588 2723 727 2775 tduscben.
764 2723 842 2775 Aucb
870 2722 919 2774 mit
941 2723 1000 2774 dem
1019 2721 1202 2788 Coujunctiv3
1224 2720 1282 2773 cic.

174 2791 295 2860 Philipp.
320 2791 351 2856 V,
373 2798 385 2843 1
405 2795 460 2845 Noe
484 2799 662 2854 autentum,
686 2807 745 2842 cum
763 2791 876 2843 maxime
894 2790 1005 2843 consilio
1025 2798 1117 2843 nostro
1137 2787 1281 2842 subvenire

175 2859 311 2911 communi
328 2859 413 2913 saluti
425 2868 573 2928 oporteret,
592 2859 620 2911 iu
633 2868 758 2911 senatum
770 2876 823 2911 non
837 2859 1011 2911 vocabamur.
1038 2859 1115 2909 Auch
1130 2855 1281 2908 adverbial:

176 2936 262 2979 unten
280 2927 317 2990 Il,
336 2934 360 2992 7,
379 2933 395 2979 4
415 2929 469 2979 und
492 2946 534 3008 pr.
555 2927 664 2979 Cluent.
686 2931 712 2990 5,
732 2931 762 2977 12
782 2943 851 2995 quae
870 2926 966 2978 multos
984 2925 1037 2976 iam
1057 2942 1143 2976 annos
1161 2934 1189 2975 et
1207 2941 1284 2975 nunc

174 3012 237 3048 cum
256 2996 373 3048 maxime
391 2995 478 3046 lilium
495 2995 669 3047 interfectum
689 2994 775 3062 cupit.

656 3100 723 3148 Kar.
744 3099 783 3146 14.

241 3168 264 3214 1.
283 3165 419 3231 Deinceps
437 3163 524 3224 dann,
544 3164 591 3216 der
611 3163 745 3228 Orduung
764 3161 844 3227 nach,
866 3161 920 3228 vgl.
939 3179 961 3212 c.
979 3164 1023 3226 45,
1040 3165 1065 3213 8.
1078 3188 1110 3196 -
1123 3178 1155 3211 oc
1174 3162 1221 3219 de‚·
1239 3158 1284 3210 die

173 3229 389 3297 Wiederbolung
411 3231 458 3283 der
476 3231 649 3300 Prdposition
669 3230 750 3296 zeigt,
775 3229 836 3280 dass
858 3229 921 3282 ben.
941 3237 968 3280 et
986 3227 1031 3280 lib.
1051 3227 1129 3279 nicht
1145 3226 1217 3279 bloss
1236 3227 1280 3278 ein

174 3297 368 3365 Hendiadyoin
391 3298 460 3351 sind.
486 3328 516 3336 -
539 3318 594 3367 qua
618 3300 743 3367 quidem3
771 3296 806 3348 im
836 3296 992 3348 Deutscben
1019 3312 1090 3347 muse
1116 3295 1144 3346 in
1171 3294 1282 3349 solchen

174 3367 274 3418 Sitzen
287 3366 427 3418 entweder
439 3366 481 3418 die
495 3365 777 3432 Relativverbindung
790 3363 853 3417 oder
866 3365 914 3416 der
927 3364 1104 3432 Comparativ
1116 3363 1285 3430 ausgegebeu

174 3433 296 3498 werden3
320 3433 473 3486 entweder:
501 3433 565 3486 und
588 3453 615 3486 es
633 3433 707 3501 giebt
726 3433 815 3484 nicbts
833 3432 1039 3484 Natdrlicberes
1062 3431 1107 3482 fair
1130 3431 1182 3483 den
1202 3429 1282 3482 Meu-

175 3503 266 3564 scheu,
286 3500 326 3554 als
344 3500 384 3554 sie
403 3531 434 3539 —
453 3502 533 3554 oder:
552 3501 655 3553 welche
672 3501 717 3553 fur
734 3500 786 3552 deu
805 3500 953 3552 Meuacben
971 3517 1002 3552 so
1022 3498 1159 3551 uatfirliob
1177 3499 1222 3560 ist,
1241 3497 1283 3550 als

174 3569 271 3636 irgend
294 3581 394 3633 etwas,
418 3570 500 3623 aber.
518 3609 544 3621 ..
564 3569 618 3636 vgl.
642 3574 682 3631 24,
706 3575 730 3622 3,
756 3568 791 3632 ll,
810 3574 836 3633 3,
855 3575 879 3622 3.
903 3597 935 3606 -
960 3569 1103 3620 cautiones
1115 3590 1148 3609 =
1160 3566 1282 3618 rationes

175 3637 298 3704 cavendi,
318 3637 373 3705 vgl.
393 3655 417 3692 c.
437 3643 461 3700 2,
479 3643 495 3690 9
513 3636 678 3706 praeceptio.
697 3664 728 3674 -
746 3637 780 3688 ld
797 3638 869 3688 enim
893 3635 1010 3687 niimlicb
1034 3642 1066 3687 ut
1088 3651 1166 3687 suum
1185 3633 1284 3701 cuique

174 3705 326 3769 tribuetur;
345 3708 513 3759 haecomnia
528 3705 578 3757 alle
591 3704 780 3757 Vorscbriften
793 3704 859 3756 saber
871 3704 943 3756 diese
954 3703 1065 3757 Pilicht.
1081 3732 1111 3740 -
1126 3703 1282 3769 referenda,

173 3792 196 3826 s.
216 3791 238 3824 c.
259 3780 300 3839 10,
318 3780 343 3826 2.
363 3804 393 3811 —
413 3775 442 3825 in
461 3776 555 3826 eadem
572 3781 639 3825 eunt
656 3775 756 3839 injicst.
774 3789 794 3823 s.
813 3789 835 3828 c,
854 3777 876 3832 7,
895 3775 919 3824 8.

241 3845 265 3893 5.
286 3849 312 3892 et
333 3843 442 3907 quidem
468 3842 514 3892 fiir
539 3841 586 3892 das
616 3840 753 3892 dblichere
779 3839 865 3908 iique;
892 3839 946 3906 vgl.
972 3839 1010 3900 Il,
1039 3844 1064 3906 2,
1090 3842 1128 3889 10.
1153 3863 1185 3872 -—
1209 3837 1282 3901 quod

174 3938 205 3946 -
225 3910 386 3975 largiantur
412 3925 515 3960 warum
539 3909 725 3976 conjunctiv?
743 3937 774 3946 —-
798 3926 961 3975 quacunque
983 3908 1106 3964 ratioue;
1128 3901 1285 3970 quicunque

176 3976 247 4028 steht
262 3976 348 4027 selten
362 3975 431 4026 ohne
443 3976 537 4043 eignes
557 3977 684 4042 Verbum,
701 3983 771 4029 statt
789 3975 876 4043 quivis
899 3975 963 4042 (agl.
981 3975 1032 4037 ΙΙΙ,
1051 3977 1093 4036 22,
1112 3974 1127 4021 5
1145 3971 1280 4038 quoquo);

175 4045 235 4095 bier
252 4043 334 4095 leicht
352 4060 387 4094 zu
405 4044 541 4110 ergiiuzen
555 4044 606 4096 hoc
617 4045 736 4106 laciant3
761 4043 962 4105 nicbtfaciuut,
981 4039 1082 4092 welles
1092 4054 1126 4089 zu
1136 4038 1214 4089 ihren
1227 4039 1283 4090 Ge-

174 4111 281 4163 dauken
299 4110 405 4177 gotter.
424 4145 457 4178 5-
475 4114 570 4164 Sullae
583 4121 608 4164 et
621 4114 750 4164 Caesarie
766 4111 802 4162 ist
812 4112 861 4162 der
873 4111 1021 4175 subjecto,
1035 4107 1215 4173 pecuniarum
1234 4106 1283 4157 der

177 4179 419 4246 Objects-Geuitiv
429 4197 462 4231 zu
478 4179 636 4242 translatio,
651 4179 770 4246 gemeint
786 4179 823 4231 ist
836 4178 879 4230 die
894 4175 1056 4240 Belobnung
1073 4173 1122 4225 der
1135 4173 1285 4240 Anhiinger

175 4247 273 4299 Beider
282 4246 366 4299 durch
378 4247 466 4300 Gdter
475 4247 523 4299 der
535 4248 744 4301 Proscribirten.
756 4276 788 4284 -
799 4264 854 4298 non
867 4247 936 4297 idem
946 4242 1023 4295 nicht
1033 4242 1114 4308 euch,
1126 4242 1178 4309 vgl.
1190 4259 1211 4292 c.
1223 4245 1246 4303 6,
1257 4247 1285 4296 4.
