2826 4748
591 267 661 313 LlB.
684 266 708 312 1.
752 266 827 314 CAP.
850 267 873 313 1.

290 590 491 704 Quamquam
508 631 547 692 tc,
562 623 591 684 ΙΙ
597 641 685 684 arce
699 625 713 685 f
717 622 775 694 ili,
792 643 902 685 annum
919 644 976 705 pam
992 625 1158 688 audientem
1174 625 1288 706 Cratip·
1313 624 1330 686 l

182 727 268 788 pum,
302 711 392 789 idque
413 707 549 778 amenis,
583 708 734 769 abundare
763 718 880 788 oportet
901 713 1067 790 praeceptis
1088 713 1285 791 institutisque

183 793 387 873 philosophiae
409 802 534 872 propter
555 810 701 854 summam
724 802 754 854 et
773 792 904 856 doctoris
926 798 1130 856 auctoritatem
1153 806 1182 856 et
1197 796 1290 866 urhis,

184 895 311 956 quorum
334 877 407 938 alter
429 887 458 938 te
480 879 603 938 scientia
625 894 734 955 angere
756 885 854 956 potest
876 878 967 940 altera
991 879 1147 959 exemplis:
1183 890 1290 950 tamen,

184 971 217 1023 ut
237 965 301 1042 ipse
324 963 361 1023 ad
384 980 480 1022 meam
495 960 650 1023 utilitatem
667 980 785 1042 semper
806 981 873 1024 cum
889 962 1010 1026 Graecis
1025 964 1127 1026 Latina
1143 967 1291 1035 coniunxi,

184 1067 280 1128 neque
302 1047 333 1107 id
355 1050 386 1117 in
402 1046 586 1127 philosophia
601 1047 705 1115 solum,
729 1046 781 1108 sed
799 1051 887 1109 etiam
902 1049 933 1108 in
949 1048 1067 1110 dicendi
1081 1051 1291 1111 exercitatione

184 1133 260 1202 feci;
282 1131 360 1192 idem
383 1132 439 1193 tihi
453 1148 561 1192 censeo
577 1132 754 1201 faciendum,
777 1141 810 1194 ut
831 1150 885 1212 par
900 1134 940 1193 sis
962 1136 993 1195 in
1008 1136 1161 1214 utriusque
1184 1136 1292 1195 oratio-

184 1218 230 1277 nis
252 1216 400 1278 facultate.
444 1216 539 1287 Quam
561 1216 682 1296 qnidam
704 1216 741 1276 ad
763 1235 826 1278 rem
849 1236 912 1287 nos,
937 1229 968 1278 ut
989 1219 1130 1288 ridemur,
1154 1225 1328 1297 magnumtt

185 1300 336 1362 attulimus
358 1301 561 1362 adiumentum
583 1301 753 1362 hominihus
774 1305 897 1372 nostris,
921 1312 952 1362 ut
975 1321 1033 1363 non
1056 1303 1144 1364 modo
1167 1303 1292 1364 Graeca·

184 1405 251 1447 rum
273 1385 437 1446 litterarum
454 1386 553 1451 rudes,
577 1387 732 1447 sedetiam
755 1386 834 1447 docti
856 1386 1034 1468 aliquantum
1058 1406 1090 1449 se
1111 1388 1292 1448 arbitrentur

186 1470 307 1549 adeptos
336 1480 366 1530 et
393 1471 428 1531 ad
452 1470 609 1531 dicendum
638 1473 724 1532 etad
752 1471 952 1532 iudicandum.
997 1470 1027 1533 2.
1051 1472 1144 1543 Quam
1168 1471 1206 1532 oh
1229 1477 1327 1532 rem3

186 1555 281 1615 disces
311 1564 342 1614 tu
370 1555 489 1632 quidem
519 1575 535 1617 a
563 1557 697 1635 principe
729 1557 816 1617 hrrius
844 1559 949 1618 aetatis
976 1557 1234 1637 philosophorum.
1265 1566 1295 1617 et

186 1640 284 1700 disces
305 1658 393 1719 quam
417 1639 466 1700 din
489 1639 582 1717 roles3
606 1649 665 1700 tam
687 1640 738 1701 diu
760 1650 859 1702 autem
880 1640 953 1702 velle
981 1640 1113 1711 debebis,
1137 1642 1232 1721 quoad
1256 1652 1294 1706 te.

187 1733 328 1802 quantum
351 1726 499 1802 proficias
523 1743 582 1786 non
605 1725 785 1805 poenitebit:
807 1725 858 1786 sed
882 1735 980 1787 tamen
996 1735 1097 1786 nostra
1113 1724 1214 1804 legens
1236 1744 1294 1786 non

187 1809 312 1868 multum
335 1827 351 1868 a
374 1808 576 1887 Peripateticis
597 1812 779 1880 dissidentia,
802 1811 941 1890 quoniam
965 1814 1082 1890 utrique
1103 1810 1243 1872 Socratici
1266 1819 1296 1870 et

186 1892 330 1953 Platonici
352 1892 487 1953 volumus
511 1913 589 1967 esse,
619 1895 656 1955 de
678 1894 768 1955 rebus
788 1897 860 1974 ipsis
884 1904 967 1956 utere
987 1903 1040 1956 tuo
1069 1895 1180 1956 iudicio
1208 1892 1296 1977 (nihii

189 1978 267 2036 enim
281 1975 435 2053 impedio),
452 1979 615 2038 orationem
629 1986 726 2039 autem
742 1979 875 2040 Latinam
891 1981 1000 2040 efficies
1016 1981 1149 2058 profecto
1165 1979 1295 2058 legendis

188 2061 297 2120 nostris
319 2058 495 2138 pleniorem.
538 2062 599 2122 Nec
626 2081 696 2123 vero
719 2063 775 2124 hoc
804 2072 979 2142 arroganter
1001 2063 1111 2125 dicturo
1135 2066 1329 2125 existimarit

188 2143 285 2205 velim.
324 2143 398 2205 Nam
414 2143 640 2226 philosophandi
655 2148 808 2208 scientiam
830 2148 997 2210 concedens
1011 2149 1122 2219 multis,
1145 2149 1224 2228 quod
1247 2157 1293 2209 est

188 2231 313 2290 oratoris
336 2232 501 2309 proprium,
525 2240 601 2312 apte,
625 2231 770 2302 distincte,
794 2242 897 2293 ornate
913 2233 1021 2303 dicere,
1045 2235 1183 2314 quoniam
1205 2235 1236 2292 in
1259 2251 1294 2292 eo

686 2437 756 2486 Kar.
776 2437 799 2485 1.

257 2536 279 2582 1.
299 2532 452 2600 Cratippus
476 2531 520 2584 eiu
544 2532 786 2600 eugazeichneter
808 2534 920 2589 Philoso
942 2535 959 2586 h
985 2535 1034 2588 der
1065 2535 1124 2604 peri
1145 2534 1296 2587 antiochen

188 2599 299 2659 Schule,
318 2615 368 2651 nus
387 2599 531 2667 Mitylene,
549 2618 592 2653 wo
610 2600 657 2652 ihu
670 2601 818 2670 Ponpejus
832 2604 902 2655 noch
933 2621 963 2655 er
974 2602 1106 2656 schlucht
1156 2602 1297 2655 iPharse-

191 2666 232 2718 lus
250 2665 394 2729 besuchte3
417 2667 537 2719 nachher
555 2667 635 2720 uehm
648 2668 768 2721 derselbe
781 2671 833 2722 auf
841 2670 934 2723 Bitteu
953 2669 1136 2725 dardthener
1153 2670 1198 2722 bei
1215 2670 1298 2722 ihnen

187 2733 280 2785 seineu
301 2734 474 2786 Aufenthalt.
493 2737 677 2786 -iuetituto
695 2736 754 2787 sind
772 2737 818 2788 die
835 2737 905 2789 nach
923 2737 975 2789 den
988 2737 1096 2791 Lohren
1116 2738 1232 2806 (praec.)
1250 2755 1297 2804 ge-

189 2800 314 2853 machten
342 2801 657 2870 Lebeuseiurichtuugen
689 2803 754 2856 oder
781 2804 965 2857 Grnndsdtne.
997 2833 1032 2843 -
1058 2807 1214 2857 auctoritas
1240 2805 1299 2856 hier

191 2869 315 2931 Autrieb‚
335 2869 405 2920 deun
425 2880 545 2922 auctor
562 2871 600 2922 ist
616 2887 668 2922 uns
681 2871 772 2936 Jeder,
789 2872 838 2923 der
852 2888 904 2924 uns
917 2889 951 2924 zu
964 2880 1050 2924 etwas
1062 2871 1215 2925 veraniamt
1233 2872 1299 2924 oder

189 2937 219 2988 in
236 2945 322 2989 etwas
345 2937 481 3003 batirlrt,
503 2938 557 3005 rgl.
575 2938 614 3003 ΙΙ,
633 2944 673 3001 12,
693 2943 718 2991 ὁ.
737 2939 787 3001 ΠΙ,
805 2945 848 3004 33,
867 2947 891 2992 3.
912 2969 944 2978 -·
963 2948 996 2992 rrt
1013 2941 1086 3007 ἕρπω
1108 2939 1169 2991 dem
1188 2948 1220 2991 ut
1236 2951 1298 2991 ent-

190 3003 296 3122 :ipricht
318 3006 457 3125 sgetthdco
475 3005 685 3126 ῑῗῖΙὶῷίςὲη
708 3006 753 3125 sip¹
766 3007 814 3060 das
836 3007 964 3075 folgende
986 3006 1065 3059 idern.
1087 3036 1118 3044 —-
1142 3008 1296 3074 utriusque,

207 3088 238 3123 er
255 3089 328 3138 gneo
347 3090 387 3125 asc
406 3091 441 3125 eu
461 3090 497 3125 un
545 3091 561 3126 e
590 3091 629 3126 ru.
687 3091 777 3127 rece.

257 3144 281 3190 2.
302 3149 335 3192 ut
351 3143 477 3194 videmur
494 3140 544 3193 ruit
555 3092 727 3210 Auolessr'ing
744 3143 789 3194 des
805 3143 891 3209 nobis,
909 3142 961 3194 wie
973 3142 1062 3210 gleich
1076 3141 1299 3194 uechhervideor

189 3235 224 3245 —
240 3207 390 3261 vindicare.
409 3238 441 3246 -
459 3217 491 3261 tu
526 3210 631 3275 uidem,
655 3210 706 3263 das
722 3212 877 3264 Pronomen
895 3211 932 3263 ist
949 3211 1009 3262 hier
1027 3209 1122 3277 udthig
1142 3226 1235 3278 wegan
1253 3209 1299 3261 des

191 3275 381 3343 Uebergeuges
408 3293 470 3329 vom
489 3227 675 3343 dilgemeineu
703 3278 801 3343 (docti)
828 3296 889 3331 zum
912 3279 932 3330 S
953 3277 1066 3330 eciellen
1090 3280 1163 3344 (ειυς
1192 3280 1300 3344 quidem

192 3341 251 3392 dem
270 3342 414 3410 folgenden
432 3346 481 3396 red
499 3352 590 3397 tamen
609 3345 822 3413 eutsprechend3
843 3347 912 3411 cisoa
930 3297 966 3397 (Ιιι
984 3345 1152 3407 deinerseits‚
1171 3345 1207 3398 du
1221 3345 1300 3398 aller-

190 3408 277 3476 diugs.
291 3440 325 3450 -
336 3413 498 3480 poenitebit,
517 3429 598 3480 poen.
611 3413 653 3465 oft
664 3437 697 3457 =
710 3412 762 3465 leid
775 3413 833 3466 sein
846 3415 912 3466 oder
923 3413 981 3466 sich
1001 3412 1188 3480 unbefriodigt
1205 3413 1300 3465 itihieu

190 3494 244 3529 von
262 3485 357 3539 etwas,
377 3479 429 3530 wie
446 3478 508 3531 Liv.
528 3480 550 3544 1,
568 3485 584 3533 8
602 3496 663 3532 cum
685 3485 752 3546 (eos)
770 3482 823 3534 iam
841 3481 939 3534 virium
957 3498 1066 3534 suarum
1085 3481 1159 3534 haud
1178 3480 1300 3549 poenite·

191 3552 243 3597 ret.
257 3573 288 3582 —
303 3564 320 3596 a
333 3547 527 3615 Peripateticis
532 3568 542 3608 ,·
559 3545 603 3598 die
620 3549 717 3600 Warte
736 3548 825 3601 lassen
844 3548 904 3600 eine
925 3548 1052 3618 duppelte
1073 3548 1233 3615 Erkliruug
1257 3563 1301 3612 zu,

192 3611 330 3663 entweder
354 3613 394 3665 als
416 3614 515 3667 Neutr.
560 3616 612 3667 lur.
637 3615 689 3668 wie
712 3616 833 3668 nuchhar
857 3615 967 3684 nostris,
992 3616 1058 3668 oder
1080 3614 1119 3667 als
1137 3614 1299 3677 Masculin.;

189 3677 334 3744 jedenfalla
352 3697 373 3734 s.
392 3699 417 3732 v.
435 3698 460 3733 ι.
481 3633 580 3734 (ΙίοΙιο

192 3744 329 3813 patetilrer
353 3747 409 3798 und
428 3748 524 3802 Cicero
546 3749 643 3813 selbot,
668 3751 784 3803 welcher
803 3750 951 3819 cigentlich
969 3766 1019 3802 zur
1038 3765 1140 3802 neaera
1155 3750 1301 3803 Ahademie

191 3813 304 3879 gehdrte
321 3815 357 3881 (s.
370 3814 503 3882 Einleitg.
522 3818 551 3870 8.
565 3823 582 3870 4
595 3819 652 3870 und
664 3818 716 3885 ΙΙΙ,
729 3824 756 3882 4,
770 3819 823 3885 16),
842 3818 940 3871 wellen
957 3817 1026 3870 doch
1038 3815 1115 3870 beide
1125 3817 1172 3871 hir
1184 3818 1301 3871 Schtiler

191 3881 238 3932 des
256 3881 387 3935 Sokratus
407 3883 464 3935 und
476 3882 556 3936 Plato
575 3884 677 3951 gellen,
695 3886 730 3939 de
745 3887 777 3954 je
790 3885 951 3939 Aristoteles
963 3884 1008 3937 ein
1020 3884 1136 3938 Schiler
1154 3886 1199 3939 deo
1211 3886 1301 3949 Plato,

192 3949 278 4000 dieser
295 3949 340 4001 des
357 3951 490 4004 Sokrates
507 3968 632 4018 geweoen
649 3951 693 4004 ist.
713 3982 745 3992 —
763 3954 886 4020 leyendir
903 3955 1008 4006 anchir
1031 3953 1068 4006 ist
1085 3953 1231 4022 cigentlich
1250 3970 1302 4005 nur

192 4016 408 4086 Wiederholung
427 4019 472 4073 deo
491 4019 590 4087 abigeo
609 4029 703 4073 nostre
722 4019 813 4088 legens
837 4037 931 4089 wegcn
953 4021 1000 4074 dea
1022 4020 1122 4088 langen
1141 4019 1300 4074 Zwirchen·

192 4093 289 4136 ratres.

258 4157 282 4208 4.
300 4157 451 4207 concedens
469 4154 558 4207 indem
577 4154 621 4207 ich
640 4155 729 4210 hierio
748 4156 860 4210 Andcru
878 4157 930 4210 den
950 4157 1078 4224 Vorrang
1097 4157 1252 4223 augertehe.
1270 4184 1302 4193 —

193 4222 266 4287 quod
283 4228 324 4273 ert
340 4222 438 4288 gehdrt
455 4240 516 4276 zum
535 4222 681 4291 folgenden
700 4226 737 4280 id.
755 4254 788 4263 -
809 4233 884 4293 apte,
905 4227 978 4287 diet,
1001 4242 1061 4276 orn.
1080 4224 1170 4275 dicere
1186 4223 1224 4276 ist
1242 4240 1300 4275 um-

582 3683 648 3735 hren
667 3683 715 3735 der
733 3683 942 3752 Peripatetiker.
963 3712 996 3721 -
1014 3684 1126 3750 utrique
1131 3702 1140 3743 ,ε
1162 3682 1206 3736 dic
1223 3681 1300 3735 Peri·
