2826 4748
219 288 280 352 146
662 305 710 350 un
733 303 883 352 ormcus

220 443 299 503 idem
322 441 495 528 honestum:
519 442 592 503 nihil
609 442 782 532 honqstqm,
795 442 876 529 quod
896 461 955 503 non
971 442 1048 503 idem
1072 443 1145 504 utile
1167 444 1214 510 sit,
1239 461 1338 523 saepe

84 546 88 597 3
149 525 167 587 ἶζ
210 530 360 587 testatur:
389 538 535 607 negatque
562 525 805 624 ι]ΙΙ111ιρ,’15151ςέ11]Ι
822 529 964 588 maiorem
1000 529 1145 610 invitam
1174 527 1337 588 hominum

123 605 147 643 ·’
186 611 369 679 7invasisse,
394 629 481 691 quam
505 629 606 672 eorum
630 612 810 688 opinionem,
835 614 884 688 qui
905 613 959 672 ista
983 591 1183 673 dislranerint.
1226 611 1328 690 ltaque

221 714 279 756 non
303 704 336 756 ut
359 695 516 774 aliquando
540 705 787 775 anteponeremus
810 695 889 756 utilia
911 696 1054 766 honestis,
1078 696 1129 757 sed
1151 704 1184 756 ut
1206 714 1238 757 ea
1263 701 1338 757 sine·

222 799 325 840 errore
353 781 597 849 dimicaremus,
621 781 785 860 siquando
808 782 988 848 incidissent,
1018 781 1132 842 induxit
1154 778 1240 848 eam,
1254 799 1335 860 qnae·

146 873 150 881 “
187 864 203 912 8
221 866 373 925 videretur
389 883 462 933 esse,
478 882 537 925 non
554 881 628 942 quae
645 872 730 934 esset,
747 869 984 944 repugnantiam.
1011 865 1094 925 Hane
1108 866 1198 944 igitur
1213 875 1327 945 partem

220 949 355 1009 relictam
379 949 571 1028 explebimus,
594 948 683 1009 nullis
706 948 908 1019 adminiculis,
938 949 1005 1019 sed,
1033 958 1068 1010 ut
1089 949 1213 1016 dieitur,
1236 951 1339 1011 Marte·

187 1034 202 1082 9
221 1041 334 1094 nostro.
371 1034 473 1111 Neque
490 1037 569 1094 enim
586 1035 742 1113 quicquam
759 1043 805 1096 est
827 1035 863 1094 de
885 1033 940 1095 hac
962 1043 1047 1114 parte
1069 1044 1135 1113 post
1157 1036 1328 1095 Panaetium

221 1118 408 1197 explicatum,
433 1118 510 1198 quod
534 1119 651 1197 quidem
670 1119 741 1178 mihi
757 1118 943 1197 probaretur,
968 1119 1004 1178 de
1020 1121 1064 1188 iis,
1090 1121 1210 1196 quaein
1227 1136 1338 1178 manus-

220 1222 300 1264 meas
323 1205 466 1282 venerint.

184 1274 203 1336 8
308 1285 360 1349 35.
385 1288 457 1348 Cum
469 1288 561 1364 igitur
577 1286 674 1367 aliqua
687 1288 801 1367 speeies
814 1287 948 1349 utilitatis
960 1288 1074 1349 obieeta
1087 1294 1140 1356 est,
1153 1288 1337 1349 commoveri*

223 1389 344 1433 neeesse
367 1380 425 1431 est:
449 1372 500 1432 sed
524 1374 559 1438 si,
583 1389 649 1432 eum
666 1375 794 1432 animum
811 1373 980 1441 attenderis,
1004 1373 1215 1451 turpitudinem
1232 1371 1336 1431 videas

226 1456 392 1517 adiunctam
417 1459 443 1516 ei
459 1458 511 1526 rei,
529 1474 604 1533 quae
620 1459 747 1537 speeiem
764 1456 898 1518 utilitatis
914 1456 1053 1527 attulerit,
1070 1448 1132 1517 tum
1148 1475 1206 1517 non
1222 1455 1336 1515 utilitas

225 1540 419 1618 relinquenda
443 1549 504 1607 est,
528 1541 579 1601 sed
603 1540 843 1618 intelligendum,
867 1541 919 1602 uhi
941 1542 1095 1620 turpitudo
1117 1544 1164 1610 sit,
1188 1540 1229 1600 ibi
1251 1539 1337 1600 utili·-

190 1629 316 1687 etatem
345 1644 409 1685 esse
436 1642 495 1686 non
524 1643 618 1702 posse.
664 1625 775 1696 Quodsi
802 1626 873 1685 nihil
903 1634 947 1697 est
974 1633 1032 1686 tarn
1061 1633 1162 1686 eontra
1186 1632 1331 1689 naturam,

228 1728 314 1788 quarn
337 1710 488 1788 turpitudo
512 1709 603 1786 (reela
626 1712 704 1769 enim
728 1718 757 1768 et
780 1711 979 1770 convenientia
996 1718 1025 1769 et
1043 1712 1206 1770 constantia
1227 1717 1336 1767 natura

225 1793 388 1863 desiderat,
428 1801 661 1873 aspernaturque
699 1797 880 1868 contraria),
908 1793 1039 1871 nihilque
1072 1801 1128 1854 tam
1169 1792 1332 1853 seeundum

225 1886 367 1948 naturam,
392 1896 479 1957 quam
502 1877 627 1938 utilitas:
652 1887 731 1937 certe
753 1880 782 1938 in
806 1879 908 1939 eadem
932 1897 965 1939 re
987 1877 1097 1939 utilitas
1126 1886 1155 1939 et
1176 1877 1333 1956 turpitudo

191 1964 207 2011 3
228 1981 293 2023 esse
316 1982 376 2024 non
399 1969 508 2042 potest.
553 1962 685 2040 itemque
712 1965 737 2022 si
760 1963 795 2022 ad
819 1965 1001 2024 honestatem
1024 1965 1084 2023 nati
1107 1981 1218 2030 sumus
1242 1979 1335 2040 eaque

209 2050 275 2109 'aut
303 2049 364 2108 sola
393 2047 558 2128 expetenda
588 2055 645 2114 est,
675 2055 708 2107 ut
735 2048 848 2108 Zenoni
878 2051 971 2109 visum
995 2054 1054 2117 est,
1079 2057 1126 2108 aut
1149 2053 1230 2106 eerte
1253 2048 1333 2106 omni

224 2132 356 2212 pondere
383 2134 501 2210 gravior
529 2131 665 2191 habenda
694 2150 781 2211 quam
806 2130 918 2211 reliqna
942 2135 1058 2200 omnia,
1081 2131 1157 2210 quod
1182 2130 1332 2191 Aristoteli

222 2315 372 2368 Unrecht
389 2332 524 2381 gemesen,
541 2314 683 2380 begangeu
702 2331 788 2381 gegen
812 2314 886 2366 seine
904 2312 1123 2383 philosophische
1146 2313 1273 2375 Treue,
1290 2310 1336 2364 die

222 2402 252 2435 er
269 2382 318 2434 der
335 2382 445 2446 Schnle,
465 2382 513 2434 der
530 2398 560 2433 er
578 2382 736 2447 eugehdrte,
755 2381 883 2448 schuldig
901 2399 968 2437 wer.

290 2455 315 2503 7.
334 2468 391 2502 non
414 2458 461 2514 αις
484 2448 540 2515 vgl.
561 2449 599 2511 II,
618 2466 641 2504 e.
661 2452 701 2514 18,
720 2455 736 2501 3
755 2467 810 2500 nou
829 2466 877 2512 ne;
897 2454 970 2514 24,1
993 2466 1047 2500 nou
1066 2448 1088 2499 si
1108 2447 1163 2499 und
1188 2453 1274 2499 unteu
1295 2451 1335 2510 10,

222 2524 236 2600 1
258 2535 311 2598 nqn
331 2534 400 2571 eum.
418 2545 452 2554 -
470 2518 624 2583 aliquando
646 2515 676 2568 in
694 2516 921 2569 vorkommenden
941 2515 1050 2580 Frillen,
1079 2517 1103 2566 si
1122 2518 1234 2597 quondo
1252 2530 1336 2594 wenn

219 2580 995 2718 itdtildildal’f·mialahdtdtltllt
1014 2583 1070 2704 ll}
1085 2581 1340 2712 hillidii:

224 2726 269 2783 1ος
290 2719 333 2772 die
350 2719 519 2780 soheinbere,
538 2717 616 2771 nieht
633 2718 776 2771 wirkliche
789 2719 938 2783 Collisi0n3
957 2669 1012 2786 egl,
1029 2719 1066 2783 II,
1084 2737 1107 2772 e.
1125 2723 1167 2780 22,
1187 2721 1218 2769 11
1238 2715 1293 2769 und
1310 2717 1332 2778 l,

222 2792 299 2855 26,2
323 2787 390 2840 iiber
412 2786 485 2840 diese
502 2786 729 2852 Umsehreibnng.
749 2817 782 2824 —
801 2789 993 2850 adminiculie;
1013 2804 1067 2839 von
1085 2785 1234 2839 eussenher
1252 2801 1336 2851 ange-

221 2855 468 2918 braehtestfitzeu3
486 2853 634 2921 eigeutlieh
652 2853 905 2921 beiWeinstliokeu,
924 2854 997 2908 deun
1008 2853 1127 2923 tropiseh
1147 2869 1172 2906 z.
1186 2852 1217 2908 B,
1235 2850 1340 2904 fremde

223 2924 438 3043 Hiiflistrnppelq,
455 2922 539 3040 dpher
555 2922 604 2974 der
622 2923 778 2989 Gegeusate
791 2923 887 2974 Marte
904 2931 1000 2975 nostro
1017 2922 1067 2974 mit
1079 2921 1192 2989 eigeuen
1211 2919 1337 2980 Kristen,

224 3009 257 3046 en
290 3009 314 3044 er
334 3008 383 3044 ene
430 3007 464 3041 an
487 3031 492 3043 .

291 3008 407 3129 9.gquod
422 3101 428 3113 .
442 3096 449 3110 .
463 3097 490 3109 ..
513 3058 681 3125 probaretur
698 3057 865 3125 wenigsteus
885 3055 974 3109 niohls
991 3074 1045 3108 von
1063 3055 1111 3107 der
1131 3059 1191 3119 Art,
1210 3055 1271 3107 dass
1288 3055 1334 3107 ich

225 3146 252 3180 es
275 3126 387 3194 billigeu
411 3126 512 3178 lrdnnte
535 3123 600 3192 (egl.
619 3124 656 3190 Il,
677 3128 719 3188 24,
740 3128 780 3190 1),
807 3126 916 3192 quidem
932 3125 1069 3176 verstirkl
1082 3123 1155 3177 diese
1173 3123 1340 3189 Bedeutuug

223 3195 270 3247 des
294 3193 485 3261 (ionjnnetivs.
505 3221 537 3230 -
557 3195 590 3244 de
607 3193 658 3256 tim
678 3192 733 3259 vgl.
752 3193 774 3257 Ι,
792 3199 816 3259 7,
835 3198 852 3245 4
869 3209 962 3245 eorum
981 3209 1008 3244 u.
1025 3209 1040 3243 e
1059 3207 1122 3260 quo.

729 3367 798 3416 Kee.
818 3369 841 3418 8.

292 3455 314 3502 1.
334 3447 494 3500 commoveri
516 3475 549 3484 —
571 3447 681 3509 videam
709 3445 757 3499 das
784 3447 975 3515 impersouelle
1003 3463 1074 3498 meu
1101 3449 1158 3497 eret
1179 3443 1264 3496 durch
1287 3443 1342 3495 des

225 3517 330 3582 Passis,
348 3515 422 3567 daun
441 3513 527 3566 durch
545 3513 629 3566 dien.
649 3513 723 3566 Pers.
746 3515 825 3582 Sing.
848 3514 1045 3582 ausgedrrickt3
1070 3512 1124 3579 vgl.
1142 3512 1180 3578 11,
1201 3518 1243 3576 11,
1261 3515 1284 3563 5.
1305 3540 1339 3548 -

223 3587 407 3652 relinquenda
426 3591 467 3634 eat
486 3581 636 3648 ansgeben,
655 3582 810 3650 auiopfern,
828 3610 860 3620 —
879 3585 926 3634 aed
945 3583 1061 3647 intellig.
1084 3581 1151 3632 Men
1170 3579 1221 3632 soll
1239 3595 1273 3630 zu
1292 3578 1344 3630 der

224 3653 361 3718 Eiusieht,
379 3651 599 3717 Ueberzeugung
611 3650 746 3714 konnen,
766 3650 827 3702 dass
846 3667 908 3702 man
926 3666 977 3716 ger
988 3649 1087 3701 keinen
1103 3649 1214 3701 wahren
1226 3646 1338 3698 Nutzeu

225 3722 328 3787 opsere,
346 3719 466 3772 eondern
486 3735 539 3770 nur
556 3717 636 3769 einen
656 3716 845 3770 scheinheren.

293 3794 317 3839 2.
336 3796 421 3851 recta,
441 3804 531 3848 cunm,
550 3793 657 3848 eonem
677 3784 720 3837 die
737 3785 836 3837 Neutr.
855 3785 926 3852 plur.
945 3785 1112 3837 bezeichnen
1131 3782 1174 3835 die
1192 3788 1339 3835 concreten

224 3854 424 3920 Handlungeu,
443 3852 639 3918 Verhtteniese,
658 3868 739 3905 unser
758 3853 891 3921 Singulae
914 3852 985 3920 (des
1004 3851 1118 3919 Rechte)
1138 3851 1213 3902 mehr
1229 3850 1272 3900 die
1290 3847 1344 3899 all·

224 3922 348 3990 gemeiue
365 3921 547 3988 Eigenschalt
565 3921 604 3973 als
624 3920 809 3987 Abstractum,
829 3920 883 3988 vgl.
903 3937 925 3973 e.
943 3925 968 3984 2,
989 3926 1028 3972 12.
1041 3949 1075 3958 -
1096 3921 1246 3970 seeundum
1263 3923 1340 3978 uat.;
1403 3981 1407 3992 Ι

223 4010 242 4042 v
266 3991 280 4042 l.
305 4008 327 4041 o.
347 3996 362 4042 3
392 3995 416 4041 7.

244 4008 262 4058 g
299 4066 322 4110 3.
342 4031 412 4109 ee'rte
430 4065 487 4108 eret
504 4081 537 4100 =
554 4057 661 4120 saltem,
682 4058 803 4110 neehher
820 4080 854 4101 =
872 4056 1004 4125 profecto,
1024 4055 1076 4106 wie
1093 4057 1118 4118 §.
1132 4057 1163 4104 12
1177 4069 1203 4108 u.
1217 4070 1242 4106 e.
1261 4056 1304 4118 29,
1318 4056 1342 4107 7.

226 4155 258 4164 -—
280 4126 433 4178 Zenoni-
451 4126 596 4176 Aristoteli
604 4144 611 4186 3
640 4125 694 4192 egl.
713 4143 736 4177 o.
749 4130 802 4190 ‘hl
824 4141 872 4193 per
885 4123 1059 4192 Cratippum.
1074 4151 1104 4159 -
1119 4121 1192 4173 omni
1205 4122 1347 4188 pondere3·

224 4194 281 4260 vgl.
303 4212 324 4250 e,
344 4199 367 4256 3,
386 4197 400 4244 2
423 4192 476 4243 wie
499 4191 603 4244 minimi
627 4192 757 4246 momenti
775 4192 871 4246 instar.
891 4220 922 4230 -·
942 4193 1037 4257 Quare
1055 4207 1148 4249 error:
1170 4188 1209 4240 Es
1227 4188 1264 4240 ist
1282 4187 1342 4238 eleo

226 4263 270 4312 ein
291 4262 410 4313 lrrthum
429 4259 477 4314 der
488 4259 646 4324 Mensehen,
659 4259 776 4314 welcher
789 4300 795 4312 .
808 4299 833 4316 ..
849 4300 854 4312 .
874 4265 981 4323 treuut,
994 4257 1020 4314 d.
1034 4256 1059 4310 h.
1074 4256 1113 4310 sie
1126 4263 1243 4310 trennen
1257 4255 1345 4318 liam
