2826 4748
166 283 207 349 28
604 303 651 348 os
676 300 835 350 osricus.

164 443 256 502 iustas
278 458 382 502 causas
404 458 469 501 esse
491 438 645 503 bellorum.
690 440 748 502 Sed
771 460 805 501 ea
827 437 914 508 bella,
938 435 1044 514 qulbus
1066 435 1183 514 imperii
1206 434 1271 511 glo·

166 528 210 586 ria
239 527 387 604 proposita
415 535 473 594 est,
507 527 604 586 minus
632 526 738 587 acerbe
766 521 896 601 gerenda
925 530 1001 583 sunt.
1049 521 1085 582 Ut
1107 521 1185 580 enim
1208 536 1278 580 cum

168 609 292 671 civiliter
314 609 534 679 contendimus;
558 610 642 670 aliter
664 613 689 671 si
706 617 751 671 est
765 610 912 676 iuimicus,
936 606 1022 667 aliter
1043 606 1069 666 si
1084 606 1281 682 competitor;

168 713 233 755 curn
257 693 349 755 altero
373 703 522 755 certarnen
544 695 665 755 bonoris
695 705 724 755 et
745 692 895 772 diguitatis
917 699 976 759 est,
1011 708 1078 751 cum
1107 690 1199 750 altero
1229 707 1280 750 ca·

167 781 237 859 pitis
260 787 289 839 et
310 781 420 849 iamae;
443 781 468 839 si
492 798 559 840 curn
582 778 744 848 Celtiberis,
769 797 837 841 cum
860 777 985 839 Cimbris
1008 774 1128 842 bellum,
1152 783 1184 833 ut
1206 791 1279 833 curn

167 864 302 934 inimicis,
325 866 494 940 gerebatur,
518 872 584 924 uter
600 872 685 935 esset,
710 883 769 925 non
784 873 851 924 uter
871 865 1047 940 imperaret:
1071 877 1138 919 cum
1153 858 1280 925 Latinis,

169 947 297 1017 Sabinis,
327 947 523 1018 Samnitibus,
554 949 677 1017 Poenis,
712 946 827 1028 Pyrrho
856 947 891 1006 de
920 947 1043 1024 imperio
1072 941 1278 1004 dimicabatur.

135 1034 260 1096 oPoeni
288 1031 459 1110 foedifragi,
494 1033 622 1094 crudelis
643 1032 802 1094 Hannibal:
837 1031 944 1109 reliqui
973 1031 1122 1091 iustiores.
1171 1027 1279 1106 Pyrrhi

169 1116 290 1195 quidem
313 1117 350 1176 de
372 1118 496 1196 captivis
519 1117 678 1180 reddendis
699 1119 750 1179 illa
773 1114 937 1197 praeclara:

253 1203 315 1262 Nec
336 1205 378 1263 mi
398 1218 506 1262 aarum
526 1218 626 1279 posco,
651 1221 706 1264 uec
727 1205 768 1263 mi
786 1205 914 1278 pretium
937 1201 1099 1266 dederitts;

254 1287 317 1345 Nec
338 1295 543 1362 cauponantes
565 1289 687 1362 bellum,
711 1289 765 1348 sed
785 1289 1003 1361 daldianorum,

254 1371 358 1443 Ferre,
383 1388 443 1432 nou
465 1389 552 1446 auro,
576 1376 665 1432 uitam
687 1389 844 1434 cernamus
865 1373 991 1445 utrique.

260 1456 357 1515 Vosne
377 1459 456 1530 uelit,
482 1474 523 1516 an
544 1474 590 1517 me
611 1475 740 1532 repnare
760 1459 845 1530 aaa,
870 1455 978 1530 quidue
996 1453 1090 1526 serat,
1116 1453 1203 1526 Fors,

262 1541 377 1600 Virtute
398 1544 602 1616 experiamur.
646 1543 686 1602 Et
707 1542 763 1602 boc
784 1543 873 1601 simul
894 1542 1001 1614 accipe
1022 1539 1153 1598 dictum:

255 1624 384 1696 Quorum
406 1628 511 1686 uirtuti
531 1628 601 1687 delli
617 1627 747 1699 fortuna
767 1628 911 1702 pepercit,

255 1711 427 1770 Eorundem
448 1728 494 1770 me
513 1711 649 1772 libertati
666 1728 796 1787 parcere
818 1717 930 1770 eertum
951 1714 1002 1769 est.

254 1794 350 1869 Dauo,
373 1797 483 1867 tinette,
506 1797 600 1870 doque
621 1797 784 1857 uolentibus
805 1812 872 1858 eum
894 1797 1014 1869 mapnt's
1035 1794 1092 1854 dis.

141 1877 293 1957 raegalis
316 1896 386 1939 saue
409 1885 438 1939 et
460 1878 549 1957 digna
571 1881 764 1942 Aeacidarum
787 1897 897 1958 genere
920 1880 1074 1939 sententia.

123 1953 163 2016 13
256 1959 307 2024 39.
331 1967 425 2041 Atque
454 1966 540 2025 etiarn
569 1968 592 2026 si
615 1965 685 2042 quid
713 1965 821 2042 singuli
850 1963 1034 2044 temporibus
1061 1961 1180 2023 adducti
1202 1959 1280 2019 hosti

138 2058 154 2105 e
172 2048 383 2126 promiserunt,
408 2051 497 2108 estin
514 2067 549 2109 eo
564 2051 628 2128 ipso
650 2049 723 2109 tides
746 2049 955 2110 conservanda.
994 2049 1032 2111 Ut
1053 2049 1150 2126 primo
1165 2045 1280 2106 Punico

171 2132 249 2192 hello
273 2133 403 2210 Regulus
431 2141 535 2210 captus
564 2153 580 2194 a
603 2135 725 2204 Poenis,
760 2151 825 2194 curn
856 2132 893 2192 de
920 2134 1042 2212 captivis
1064 2129 1281 2191 commutandis

172 2217 295 2278 Romam
323 2220 432 2278 missus
460 2227 552 2286 esset,
586 2220 771 2296 iurassetque
800 2236 832 2277 se
854 2216 1034 2284 rediturum,
1069 2217 1212 2294 primum,
1248 2223 1281 2272 ut

172 2304 263 2371 venit,
286 2305 418 2381 captivos
461 2302 629 2363 reddendos
650 2305 681 2362 in
705 2310 808 2362 senatu
831 2319 889 2361 nou
912 2302 1041 2362 censuit:
1066 2298 1188 2367 deinde,
1213 2314 1281 2357 cum

173 2388 353 2447 retineretur
376 2388 582 2464 apropinquis
604 2395 632 2445 et
652 2387 689 2446 ab
713 2387 822 2454 amicis
846 2386 881 2445 ad
898 2384 1074 2464 supplicium
1096 2383 1194 2444 redire
1218 2399 1280 2440 ma-

139 2469 236 2543 sluit‚
262 2487 349 2547 quatu
372 2469 459 2529 iidem
481 2469 558 2529 hosti
581 2472 676 2532 datam
700 2470 812 2531 fallere.
859 2467 922 2550 [ab.
947 2469 1083 2530 Secundo
1104 2477 1200 2528 autem
1223 2465 1281 2525 Pu·

241 2641 264 2688 5.
283 2636 402 2687 civiliter
420 2639 582 2688 contendere
600 2636 760 2703 eigentlicbz
783 2636 863 2688 einen
883 2635 1064 2705 Civilprocess
1083 2636 1185 2698 baben,
1208 2632 1233 2683 d.
1252 2633 1278 2685 h.

173 2703 253 2756 einen
273 2703 401 2769 Prosus,
424 2703 474 2757 der
495 2722 548 2756 nur
568 2705 813 2757 Privatinteressen
834 2704 951 2766 bstulit,
978 2700 1279 2770 Besitzstreitiglreiten,

174 2771 389 2839 Beleidigungen
408 2780 460 2827 etc.
497 2773 552 2825 Der
571 2775 728 2840 Gegensata
746 2772 783 2825 ist
799 2772 873 2824 daun
891 2773 939 2824 der
957 2772 1213 2840 Criminalprocsss‚
1231 2765 1280 2819 der

174 2839 227 2892 alle
249 2839 392 2909 Anklagen
417 2841 553 2908 (crimina)
575 2841 611 2894 im
635 2841 861 2893 staatsinteresse
884 2840 1014 2909 (publica)
1040 2841 1177 2902 umfassta
1202 2854 1227 2889 u.
1246 2835 1280 2889 B.

173 2906 253 2960 Mord
277 2909 347 2961 auch
370 2927 412 2961 aru
435 2909 587 2961 Eiuaeineu
608 2909 721 2972 verdbt,
744 2909 782 2961 als
805 2907 849 2960 die
872 2907 1031 2960 dffeutlicbe
1054 2906 1208 2959 Sicberheit
1233 2920 1281 2970 ge-

174 2974 322 3039 idhrdend3
349 2975 410 3027 hier
436 2976 500 3028 aber
526 2977 564 3029 ist
589 2975 637 3028 der
653 2976 768 3029 Process
794 2975 950 3043 saberhaupt
976 2975 1012 3027 ina
1037 2976 1191 3040 Gegeusatz
1219 2989 1280 3024 zum

173 3043 275 3110 Kriege
292 3044 420 3109 gemeint.
438 3073 471 3080 -
489 3046 572 3095 aliter
590 3043 779 3096 contendimus
803 3042 868 3096 oder
895 3043 922 3094 id
941 3042 1064 3094 facimus.
1085 3071 1117 3079 —
1136 3041 1280 3092 Celtiberis

174 3110 256 3162 deren
279 3110 362 3162 stadt
384 3111 535 3164 Numantia
558 3111 651 3180 Scipio
676 3112 814 3164 zerstdrte.
832 3139 866 3149 —
885 3118 954 3162 esset
976 3110 1046 3161 bier:
1070 3108 1206 3174 existima,
1227 3107 1280 3159 wie

174 3196 197 3231 c.
219 3182 260 3243 11,
280 3183 310 3230 ta
328 3184 370 3230 est
387 3178 511 3246 epistola.
531 3208 563 3217 —
581 3179 734 3247 foedifragi
751 3197 805 3233 ron
823 3178 927 3244 foedus,
947 3177 1061 3230 foederis
1081 3176 1208 3244 gebildet‚
1227 3174 1279 3226 wie
1327 3214 1331 3223 ,

175 3245 268 3314 opifex
285 3262 338 3296 von
359 3262 435 3315 opus.

240 3316 264 3364 6.
283 3314 334 3364 itta
346 3316 509 3380 praeclara:
522 3313 606 3366 Verse
618 3314 664 3367 des
678 3313 785 3366 Ennius
799 3331 846 3366 aus
858 3314 953 3366 seinen
971 3312 1111 3374 Annalen3
1125 3312 1221 3364 Worte
1235 3309 1282 3362 des

174 3380 299 3448 Pyrrhus
318 3397 380 3433 zum
394 3381 545 3443 Fabricius,
564 3383 624 3435 dem
642 3401 672 3435 er
683 3382 726 3433 die
740 3382 923 3448 Gelangeueu
936 3381 1006 3432 ohne
1019 3379 1150 3446 Lisegeld
1163 3378 1281 3445 surdelt-

175 3448 237 3514 gal).
256 3477 288 3487 -
307 3451 464 3516 cauponari
488 3449 592 3516 griech.
620 3443 794 3518 καπηλεύειν
820 3453 827 3512 (
852 3444 888 3516 οἰχ
910 3467 938 3509 ν,
968 3441 1086 3514 εἰρήνην
1124 3448 1173 3500 mit
1194 3452 1281 3498 etwas

176 3515 319 3581 relucter,
348 3518 480 3580 markien.
501 3546 531 3555 —
552 3519 637 3569 vitam
655 3535 800 3569 cernamus
822 3468 870 3569 dias
888 3468 981 3568 Eeben
1003 3515 1064 3568 auis
1082 3516 1157 3584 Spiel
1174 3523 1280 3576 setaen,

175 3583 321 3651 eigentlich
339 3584 412 3637 wohl
428 3584 471 3636 ins
484 3587 562 3651 Auge
580 3585 679 3638 fassen.
698 3613 732 3622 -
749 3585 816 3636 tera
833 3585 902 3635 Fors
914 3606 948 3629 =
965 3584 1090 3636 Fortuna
1106 3581 1281 3636 dominatrix,

176 3681 208 3690 -
226 3654 319 3719 accipe
346 3653 384 3706 ist
410 3669 445 3704 an
465 3652 607 3704 Fabricius
634 3652 674 3704 als
692 3651 788 3721 Haupt
814 3652 863 3703 der
888 3650 1104 3704 Gesaudtschaft
1130 3650 1280 3718 gerichtet;

176 3721 267 3771 ducite
285 3736 320 3771 an
338 3720 391 3772 ulle
408 3726 424 3772 3
443 3719 592 3773 Gesandte.
607 3749 640 3756 -
651 3719 811 3772 Eorundem
829 3719 966 3785 dreisilbig
987 3736 1021 3771 zu
1035 3719 1115 3772 lesen.
1134 3747 1167 3758 ·-
1185 3719 1279 3770 volen-

176 3788 250 3838 tibus
262 3787 307 3838 fur
319 3788 462 3855 propitiis3
482 3787 543 3839 eine
556 3787 665 3839 Formel
676 3786 721 3838 des
734 3787 850 3839 Gebetes
869 3786 925 3838 und
937 3787 1098 3849 Wunder,
1117 3785 1166 3837 mit
1178 3787 1280 3845 (iuuet,

175 3853 336 3906 Erlaubniss
354 3855 402 3907 der
420 3856 534 3909 Gdtterr
553 3855 601 3907 das
619 3874 632 3907 s
650 3854 679 3907 in
697 3855 744 3906 der
761 3855 883 3921 Endung
901 3857 951 3907 bus
974 3871 1044 3908 muss
1062 3852 1154 3905 elidirt
1171 3850 1279 3903 werden

176 3923 212 3974 im
229 3921 328 3984 Lesen,
358 3939 399 3974 um
422 3923 466 3974 die
483 3923 607 3975 Position
631 3922 808 3976 uufzuheben.
827 3951 860 3960 -
884 3925 1082 3981 Aeacidarum
1107 3919 1150 3972 die
1168 3917 1276 3985 Kdnige

176 4008 229 4043 von
247 3990 351 4060 Epirus
369 3989 478 4043 leiteteu
497 3991 541 4043 ihr
554 3990 716 4043 Geschlecht
734 4008 786 4043 von
806 3990 906 4057 nobiti,
925 3989 1017 4043 Eukel
1034 3987 1079 4039 des
1098 3988 1216 4051 Aeolius,
1236 3988 1280 4041 ab.

668 4097 737 4146 Kar.
758 4098 796 4145 13.

244 4182 266 4229 1.
285 4178 390 4242 siupuli
407 4175 443 4228 im
457 4177 611 4243 Gegensatz
631 4194 692 4228 zum
705 4177 794 4228 Stant.
810 4204 841 4213 -
860 4193 915 4227 nort
929 4174 1036 4225 censuit
1053 4173 1107 4240 vgl,
1128 4179 1167 4235 11,
1186 4179 1201 4227 ὁ
1220 4172 1281 4224 uol-

177 4247 238 4298 lem.
262 4273 294 4282 —
317 4246 442 4297 Secundo
466 4273 496 4281 —
521 4246 688 4313 approbavit
706 4247 731 4308 (ς
750 4245 802 4308 40).
838 4243 917 4294 Diese
943 4257 1031 4308 ganas
1048 4241 1133 4294 Stelle
1158 4240 1226 4293 fehlt
1252 4241 1281 4292 in
