2826 4748
184 271 246 335 100
632 287 679 333 nn
703 286 853 335 ovuvons

133 441 165 490 13
184 426 241 487 boc
270 427 394 487 invisior
424 434 453 485 et
480 427 664 505 suspeetior.
697 425 829 486 detracta
853 427 993 503 opinione
1016 425 1183 505 probitatis.
1207 425 1303 496 Quam

184 510 308 570 obrem
333 510 545 588 intelligentiae
570 511 680 571 iustitia
704 514 872 577 coniuncta,
896 519 1038 589 qnantum
1062 512 1154 581 volet,
1180 511 1304 576 babebit

183 596 219 654 ad
243 596 410 656 laciendum
430 597 519 656 tidem
544 598 665 671 virium3
704 596 810 653 iustitia
832 598 898 654 sine
922 595 1077 672 prudentia
1101 595 1228 656 multum
1251 614 1303 674 po·

184 681 270 750 terit;
294 682 358 740 sine
380 683 491 740 iustitia
516 678 589 739 nibil
612 679 722 739 vaiebit
745 680 912 756 prudentia.

135 767 174 830 10
270 762 320 824 35.
345 765 401 824 Sed
427 784 463 824 ne
486 768 553 844 quis
576 768 615 824 sit
630 765 802 832 admiratus,
827 783 890 829 eur.
915 783 982 825 cum
997 766 1075 824 inter
1090 783 1192 824 amnas
1209 764 1303 842 pbilo-

188 849 298 927 sophos
325 857 456 918 constet,
487 870 502 910 a
532 868 639 928 meque
662 852 726 927 ipso
750 868 839 926 saepe
863 849 1044 928 disputatum
1068 850 1114 915 sit,
1139 852 1189 926 qui
1213 868 1303 909 unam

185 934 318 998 baberet.
343 953 449 995 omnes
472 935 584 994 babere
608 937 740 1001 virtutes
766 951 843 993 nunc
865 936 903 993 ita
921 938 1087 1010 seiungam,
1112 936 1194 1011 quasi
1211 936 1313 1012 possit·

151 1020 356 1097 equisquam,
387 1021 438 1097 qui
467 1039 526 1079 non
550 1018 629 1078 idem
653 1018 782 1096 prudens
805 1020 851 1087 sit,
876 1020 969 1078 iustus
993 1037 1072 1078 esse:
1097 1020 1151 1078 alia
1176 1019 1302 1085 ostilia,

185 1121 251 1162 cum
276 1105 383 1163 veritas
405 1105 467 1182 ipsa
491 1103 609 1163 lirnatur
633 1105 661 1161 in
678 1103 886 1180 disputatione,
911 1101 1073 1163 subtilitas:
1099 1104 1164 1171 alia,
1182 1101 1302 1162 eumad

151 1188 355 1265 sopinlonem
385 1206 574 1248 communem
603 1190 699 1246 omnis
726 1187 967 1247 accommodatur
998 1189 1101 1248 oratio.
1147 1185 1241 1255 Quam
1265 1187 1303 1246 ob

184 1289 258 1339 rem,
284 1283 316 1331 ut
339 1271 450 1351 vulgus
473 1276 514 1332 ita
539 1291 593 1331 nos
617 1272 674 1331 boc
697 1272 760 1330 loeo
784 1269 942 1349 loquimur,
967 1280 1000 1332 ut
1015 1274 1089 1331 aiios
1104 1272 1206 1342 fortes,
1230 1271 1302 1330 alios

150 1358 264 1414 4viros
294 1357 403 1424 bonos,
438 1357 512 1416 alios
543 1356 704 1435 prudentes
727 1374 791 1415 esse
814 1357 955 1415 dicamus
1000 1355 1200 1435 Popularibus
1223 1357 1301 1416 enim

185 1441 284 1499 verbis
307 1450 351 1500 est
373 1442 519 1518 agendum
544 1450 573 1500 et
598 1443 724 1507 usitatis,
753 1459 819 1499 curn
844 1441 1000 1517 lotpramur
1023 1441 1059 1500 de
1082 1443 1224 1519 opinione
1248 1460 1300 1518 po·

185 1524 292 1602 pulari,
317 1526 407 1602 idque
430 1526 534 1586 eodem
559 1525 647 1585 modo
672 1526 741 1584 leo-it
765 1525 931 1585 Panaetius,
972 1525 1029 1585 Sed
1054 1525 1089 1584 ad
1114 1528 1301 1604 propositum

186 1617 381 1670 revertamur.

269 1692 320 1754 36.
346 1695 415 1754 Erat
448 1696 538 1771 igitur
572 1713 607 1754 ex
637 1694 746 1759 tribus,
780 1713 856 1774 quae
890 1694 925 1755 ad
955 1696 1078 1770 gloriam
1107 1698 1304 1773 pertinerent,

152 1779 244 1845 eboc
278 1783 416 1849 tertium,
451 1790 483 1839 ut
517 1799 582 1838 oum
613 1779 864 1840 admiratione
892 1780 1044 1839 hominum
1072 1780 1187 1840 honore
1210 1779 1246 1839 ab
1270 1782 1305 1839 iis

151 1863 267 1938 edigni
294 1864 506 1924 iudicaremur.
553 1865 742 1924 Admirantur
770 1866 860 1938 igitur
890 1867 1086 1924 communiter
1116 1865 1159 1924 illi
1184 1865 1303 1941 quidem

185 1950 296 2016 omnia,
319 1967 395 2026 quae
420 1967 524 2026 magna
542 1959 570 2008 et
587 1959 706 2027 praetor
721 1950 891 2026 opinionem
908 1968 993 2009 suam
1012 1949 1300 2009 animadverterunt:

185 2035 343 2109 separatim
367 2042 464 2093 autem
489 2037 519 2094 in
540 2036 673 2110 singulis.
698 2036 722 2092 si
747 2035 929 2112 perspiciunt
957 2037 1130 2112 necopinata
1161 2034 1304 2110 uitandam

151 2115 271 2183 vbona.
319 2117 420 2197 ltaque
443 2137 494 2177 eos
518 2122 597 2178 viros
612 2120 778 2195 suspiciunt
801 2120 992 2196 irraximisque
1014 2119 1141 2178 ellerunt
1158 2118 1303 2188 laudibm,

184 2202 214 2258 in
238 2201 346 2278 quibus
370 2205 541 2263 existimant
569 2221 600 2261 se
624 2202 803 2262 excellentes
832 2204 974 2279 quosdam
997 2215 1026 2262 et
1049 2202 1215 2279 singulares
1238 2219 1305 2279 per·

150 2302 167 2351 8
186 2288 303 2361 spicere
325 2288 468 2346 virtutes:
492 2287 658 2365 despiciunt
681 2292 778 2345 autem
803 2305 854 2345 eos
877 2295 906 2346 et
922 2297 1124 2361 contemnunt,
1148 2287 1305 2362 inquibus

186 2450 234 2504 als.
253 2480 284 2487 -
303 2453 429 2502 detracta
457 2450 626 2502 conditional
654 2450 830 2502 aufzuldscn:
859 2468 938 2502 wenn
962 2451 1002 2502 sie
1025 2452 1127 2503 fehlt:
1151 2452 1204 2517 vgl.
1227 2452 1304 2502 dnm.

186 2535 220 2567 zu
240 2518 261 2579 Ι,
281 2521 325 2583 38,
343 2523 360 2569 4
378 2517 537 2587 repellatur.
556 2548 589 2555 -
607 2521 811 2583 intellipeatiae
830 2519 914 2570 Dativ
933 2527 1002 2570 stett
1020 2520 1067 2570 des
1081 2519 1304 2585 gewdbnlicbern

186 2602 254 2634 crim.
282 2615 303 2623 -
330 2596 467 2652 quantum
489 2588 862 2654 oolrt=quentunicunque
886 2587 966 2637 volet.
989 2614 1019 2623 —-
1042 2589 1158 2645 vinnm,-
1176 2587 1225 2637 der
1243 2603 1303 2637 zum

185 2652 321 2703 Neutrum
340 2652 468 2718 gehdrige
487 2652 668 2704 Genitivder
688 2655 789 2704 nibern
813 2655 997 2719 Hestimmung
1016 2654 1080 2720 (vgl.
1099 2654 1123 2720 1,
1141 2659 1165 2716 6,
1183 2660 1211 2719 bl
1230 2653 1305 2706 steht

184 2720 227 2770 bei
248 2720 343 2772 Cicero
362 2722 417 2773 lest
434 2723 529 2773 immor
548 2721 610 2772 weit
628 2731 759 2787 getrennt
778 2740 830 2773 von
849 2722 908 2773 dem
926 2737 1041 2774 erstern.

679 2843 747 2894 llis,
770 2844 809 2890 10.

255 2927 277 2973 1.
298 2941 332 2973 ne
344 2924 407 2988 quie
420 2924 457 2975 eit
470 2926 542 2974 adm.
558 2923 769 2989 ungewdbnlicb
782 2946 816 2965 =
828 2923 1006 2975 verwundert
1017 2924 1088 2986 sein3
1099 2942 1129 2974 so
1143 2931 1206 2988 sagt
1218 2924 1303 2975 Cato:

187 2988 254 3039 nihil
272 2989 419 3056 ignoveris.
441 3032 446 3044 .
466 3030 472 3042 .
493 2990 679 3042 misericordia
697 3001 848 3042 commotus
863 3009 896 3041 ne
908 2992 943 3042 sis
956 2992 999 3042 bei
1012 2992 1107 3042 Cicero
1122 3008 1162 3057 pr.
1178 2991 1247 3042 blur.
1261 2997 1304 3044 el.
1366 2986 1371 2995 ’

187 3087 217 3093 -
238 3059 285 3122 qui
304 3076 391 3108 unam
408 3060 521 3109 baberet
539 3059 575 3108 ist
587 3058 858 3123 Subjectsaccusativ
872 3076 904 3109 zu
921 3060 1033 3121 hebere3
1054 3060 1119 3110 iiber
1132 3059 1180 3109 das
1196 3058 1304 3123 impert,

185 3124 239 3188 vgl.
261 3141 294 3174 eu
316 3125 335 3186 l,
354 3130 397 3190 43,
418 3131 440 3176 1.
457 3154 488 3162 -
506 3126 660 3190 scinopom,
681 3125 798 3176 ndmliclt
818 3127 943 3178 virtutes.
962 3157 981 3162 —
1002 3129 1049 3194 qui
1068 3145 1123 3176 non
1145 3129 1214 3176 idom
1233 3126 1305 3177 ohne

187 3191 310 3255 eugleicb
335 3192 402 3257 klug
425 3209 459 3242 zu
482 3193 553 3254 sein,
582 3191 635 3258 vgl.
655 3191 677 3252 Ι,
696 3197 720 3251 6,
738 3197 763 3243 4.
783 3222 815 3230 -
835 3197 938 3244 veritos
961 3196 1024 3260 ipso
1042 3194 1085 3244 die
1102 3194 1248 3244 Wabrbeit
1269 3210 1305 3244 an

185 3258 253 3318 sich,
273 3259 343 3308 ohne
363 3258 522 3324 Bezielrung
545 3260 596 3311 auf
615 3259 663 3310 das
683 3260 838 3325 praktische
856 3260 961 3323 Leben,
985 3261 1028 3311 die
1047 3262 1185 3312 abstracte
1203 3260 1304 3311 thr·

187 3324 252 3378 beit.
273 3326 326 3391 vgl.
345 3342 367 3377 c.
388 3330 412 3391 6,
432 3331 457 3380 4.
480 3356 505 3362 -
528 3328 660 3388 limatum
683 3328 771 3378 dieser
793 3329 934 3379 dusdrucl(
953 3328 1004 3379 soll
1022 3328 1065 3379 die
1088 3329 1171 3385 feine,
1198 3344 1305 3394 genaue

186 3392 404 3458 Unrersuclrung
425 3392 600 3445 bezeichnen.
621 3424 654 3432 -
673 3397 817 3446 subtilitas
842 3395 981 3456 i'einheit,
1005 3395 1090 3445 daber·
1109 3396 1304 3460 Genauigkeit,

187 3460 407 3511 Griindlieblieit.
422 3489 453 3497 -
468 3463 562 3527 opinio
581 3481 673 3513 comm.
688 3462 739 3513 wie
752 3463 870 3514 nacbber
885 3481 927 3529 op.
942 3463 1093 3530 populeris,
1107 3462 1149 3513 die
1162 3463 1304 3528 gemeinen

187 3527 397 3594 Vorstelluugen
417 3529 463 3579 des
481 3529 619 3595 tiiglichen
633 3529 749 3594 Lebens,
769 3531 817 3580 der
829 3547 941 3595 grosseti
957 3530 1064 3596 Menge
1080 3559 1109 3568 ο
1125 3536 1227 3595 uulpes
1247 3530 1307 3581 hier

187 3597 344 3662 Gegensatz
369 3613 402 3647 zu
426 3597 478 3648 den
503 3597 706 3665 philosophisclr
732 3598 904 3648 Gebildeien.
924 3627 956 3633 -
975 3600 1050 3648 virne
1069 3600 1156 3649 bonos
1179 3598 1233 3664 vgl.
1254 3599 1306 3663 ΙΙΙ,

187 3669 229 3778 ἐξ,
241 3668 288 3780 ὲῗς
308 3664 373 3744 boni
385 3664 468 3715 allein
483 3664 519 3717 ist
531 3666 704 3717 techniscber·
718 3665 858 3716 Ausdruck
873 3665 918 3716 lin·
931 3665 1091 3734 Optimoten
1104 3689 1137 3708 =
1152 3665 1305 3732 Petrinum,

224 3748 238 3781 o
270 3742 403 3796 gesmnte.

255 3804 278 3849 5.
298 3802 479 3866 pertinerent,
498 3818 518 3854 s.
537 3799 560 3863 I,
579 3805 619 3861 43,
640 3805 664 3853 1.
678 3818 785 3850 -eum
804 3801 1005 3859 admiratione;
1025 3801 1130 3852 ntitibr
1145 3802 1228 3852 heisst
1247 3801 1306 3851 hier

187 3865 271 3916 soviel
296 3867 335 3918 als
359 3884 453 3934 wegen
478 3869 543 3918 oder·
565 3868 651 3919 durch
676 3867 806 3928 dieselbe;
831 3868 902 3918 denn
927 3869 975 3919 das
995 3868 1105 3928 Gesiihl,
1129 3869 1244 3918 nelcbes
1262 3867 1306 3918 die

187 3933 335 3985 Menscben
355 3936 408 3986 bei
428 3936 475 3985 der
489 3933 570 3986 Wabl
590 3937 684 3996 baben,
703 3935 739 3986 ist
760 3935 882 4001 zugteict
902 3936 945 3985 die
956 3935 1169 4000 Vernulassung,
1188 3935 1249 3985 dass
1267 3935 1306 3984 sie

187 4019 239 4052 uus
255 4001 376 4063 wiblem
396 4002 449 4066 vgl,
464 4001 485 4064 Ι,
498 4006 540 4062 38,
554 4008 577 4054 3.
594 4032 623 4039 -
637 4006 816 4055 communiter
828 4003 863 4053 im
880 4002 1073 4068 rlllgemeinen¹
1089 4003 1114 4053 d.
1131 4003 1146 4051 b
1176 4019 1210 4052 an
1226 4001 1305 4052 Allen

188 4086 212 4119 ιι.
232 4069 333 4131 Jedem,
354 4068 404 4119 wic
422 4070 471 4119 der
489 4069 593 4120 Zueatz
617 4072 646 4120 e'n
666 4073 787 4136 oinpolie
806 4070 847 4120 bei
872 4074 1024 4135 separatim
1043 4070 1124 4134 zeigt.
1146 4099 1172 4106 -
1194 4079 1307 4135 praetor

187 4138 261 4202 opio.
281 4138 333 4187 wie
350 4148 461 4206 praeter
479 4137 586 4187 modum
606 4140 643 4202 (§.
664 4141 716 4202 li),
737 4150 846 4207 praeter
868 4154 955 4205 spem,
979 4148 1087 4202 praeter
1106 4146 1220 4196 ceteros,
1240 4137 1307 4189 tiber

187 4214 272 4254 etwas
292 4205 399 4269 binetus,
417 4204 567 4269 eigentlicb
591 4222 626 4255 an
649 4216 736 4256 etwas
755 4203 854 4256 vorbei.
892 4205 979 4256 Ueber
998 4204 1042 4254 die
1062 4203 1240 4271 Verblndung
1258 4205 1309 4258 ruit

187 4278 213 4320 et
231 4272 286 4336 vgl.
306 4273 385 4322 Anm,
405 4287 438 4322 zu
458 4273 478 4329 l,
492 4275 547 4336 8‚9
566 4272 621 4322 und
639 4273 764 4324 ebendas.
784 4270 874 4322 brevis
892 4283 920 4322 et
939 4272 972 4322 ad
991 4282 1104 4339 tempus.
