2826 4748
167 324 168 329 κ
219 285 280 348 110
639 301 705 346 na
729 300 879 348 osricus

214 465 340 533 putores
358 458 437 530 sore,
461 473 534 531 quos
551 458 684 530 pecunie
699 459 908 532 corrupisses?
930 459 978 516 Aa
995 464 1028 517 tu
1042 458 1075 516 id
1090 460 1164 529 opis,
1186 462 1220 516 ut
1233 458 1338 516 Mace-

217 544 308 602 dones
330 559 390 602 non
412 550 440 600 te
461 547 561 614 regem
582 558 677 610 suum,
700 543 755 599 sed
768 545 938 601 ministrum
958 549 988 600 et
997 543 1202 616 praebitorem
1216 549 1339 615 sperent

184 627 308 698 ifore?
331 625 412 686 Rene
433 629 605 686 ministrum
627 633 656 684 et
671 627 876 701 praebitorem
883 645 895 694 ;
918 644 978 704 qus
998 626 1069 703 quid
1086 623 1236 685 sordidius
1251 627 1339 702 regii

216 711 321 770 melius
345 714 443 778 etiam,
467 710 544 789 qnod
568 710 754 786 largitionem
778 708 977 785 corruptelam
998 727 1064 769 esse
1087 708 1175 769 dixit:
1200 711 1231 770 lit
1254 712 1336 769 enim

215 796 354 863 deterior,
371 798 420 872 qui
437 797 553 872 accipit,
570 803 658 870 atque
674 794 708 854 ad
726 793 803 854 idem
821 813 941 870 semper
958 794 1175 873 expectandum
1191 796 1336 871 paratior.

73 898 75 905 ’
181 897 197 944 8
216 876 267 941 54.
292 880 356 940 Hoc
379 879 427 940 ille
449 877 519 947 hlio,
543 879 594 938 sed
617 887 812 958 praeceptum
835 888 972 957 putemus
995 877 1142 939 omnibus.
1181 878 1336 948 Quamob-

214 982 278 1024 rem
311 965 339 1022 id
374 964 495 1041 quidem
529 981 588 1022 non
623 962 747 1023 dubium
777 971 835 1031 est,
860 965 931 1041 quin
960 962 1009 1023 illa
1041 963 1223 1040 benignitas,
1259 981 1335 1041 quae

216 1056 331 1109 constet
360 1069 395 1108 ex
423 1066 514 1126 opera
543 1055 572 1107 et
595 1047 749 1117 industria,
782 1056 811 1106 et
833 1047 986 1108 honestior
1009 1051 1048 1108 sit
1071 1055 1101 1107 et
1124 1046 1211 1107 latius
1234 1057 1334 1124 pateat

181 1142 244 1196 aet
272 1134 364 1210 possit
391 1133 534 1213 prodesse
564 1131 711 1208 pluribus,
756 1131 976 1209 Nonnunquam
1005 1140 1103 1193 tamen
1133 1141 1178 1192 est
1205 1131 1333 1209 largien-

215 1218 296 1287 dum,
329 1235 385 1277 nec
414 1218 470 1278 hoc
501 1216 693 1293 benignitatis
722 1235 816 1294 genus
839 1219 960 1277 omnino
983 1216 1275 1296 repudiandum-est,
1300 1224 1335 1275 et.

214 1320 303 1381 saepe
326 1302 442 1361 idoneis
464 1301 634 1361 hominihus
660 1301 860 1379 indigentibus
883 1302 920 1361 de
942 1321 975 1362 re
999 1300 1134 1362 iamiliari
1157 1304 1338 1379 impertien-

164 1402 196 1450 10
214 1388 301 1446 dum:
332 1383 385 1446 sed
414 1386 573 1462 diligenter
602 1393 690 1466 atque
721 1387 879 1447 moderate.
925 1386 1010 1447 hlulti
1044 1389 1123 1445 enim
1153 1388 1335 1463 patrimonia

214 1471 383 1531 effuderunt
403 1469 570 1531 inconsulte
593 1471 756 1548 largiendo.
794 1470 870 1541 Quid
896 1479 993 1531 autem
1018 1478 1062 1530 est
1083 1469 1211 1538 stultius,
1235 1489 1334 1550 qitam,

214 1555 293 1634 quod
323 1554 451 1616 libenter
478 1557 584 1622 facias,
608 1573 723 1624 curare,
748 1563 781 1615 ut
808 1555 837 1615 id
866 1556 977 1615 diutius
1004 1556 1105 1616 facere
1135 1572 1195 1614 non
1219 1555 1335 1633 possisl

106 1658 114 1674 ·
164 1648 195 1695 11
213 1644 309 1720 Atque
338 1644 426 1700 etiam
456 1649 624 1719 sequuntur
651 1639 841 1717 largitionem
870 1643 1008 1716 rapinam
1037 1658 1104 1699 cum
1133 1641 1211 1699 enim
1236 1638 1337 1698 dando

164 1729 195 1776 12
214 1742 303 1801 egere
327 1735 497 1803 coeperunt,
521 1725 627 1784 alienis
643 1724 728 1785 bonis
743 1742 847 1785 manus
870 1724 977 1784 alierre
996 1732 1153 1799 coguntur.
1192 1722 1245 1791 lta,
1266 1741 1334 1782 cum

213 1809 432 1870 benivolentiae
455 1809 672 1887 comparandae
696 1828 784 1869 causa
808 1808 932 1868 benefici
955 1825 1019 1869 ease
1041 1809 1146 1874 velint,
1171 1824 1232 1866 non
1254 1815 1334 1868 tanta

214 1894 308 1954 studia
333 1902 531 1972 assequuntur
554 1911 666 1962 cossim,
690 1893 799 1972 quibus
822 1892 979 1960 dederunt,
1004 1901 1113 1969 quanta
1134 1891 1201 1951 odia
1218 1909 1332 1958 eorum,

163 1984 195 2033 13
214 1979 322 2055 quihus
350 1979 536 2040 ademerunt.
580 1975 631 2038 55.
655 1977 853 2047 Quamobrem
882 1996 937 2037 nec
965 1980 1004 2038 ita
1027 1976 1191 2037 claudenda
1214 1994 1263 2035 res
1289 1984 1338 2036 est.
1376 2040 1379 2047 ⁴

212 2065 375 2132 familiaris,
399 2071 432 2124 ut
454 2081 519 2123 eam
543 2061 708 2140 benignitas
731 2066 848 2140 aperire
877 2081 936 2123 non
959 2065 1062 2141 possit,
1094 2079 1148 2121 nec
1180 2063 1220 2120 ita
1249 2079 1332 2122 rese·

213 2149 315 2216 sanda,
339 2157 371 2209 ut
386 2154 485 2226 pateat
500 2148 653 2208 omnihus:
677 2147 782 2207 modus
805 2146 988 2215 adhibeatur,
1017 2147 1101 2224 isque
1124 2145 1271 2205 reseratur
1294 2146 1331 2205 ad

165 2238 197 2286 14
214 2233 380 2293 facultates.
425 2232 553 2293 Omnino
591 2234 763 2292 meminisse
801 2231 944 2291 debemus
966 2231 1011 2299 id,
1050 2230 1145 2308 quod,
1184 2231 1337 2290 anostris

213 2317 382 2378 hominihus
405 2318 576 2396 saepissime
592 2324 776 2394 usurpatum,
800 2317 857 2375 iam
873 2318 903 2374 in
919 2315 1069 2393 proverbii
1086 2314 1334 2374 consuetudinem

163 2407 194 2454 11
214 2405 303 2471 venit,
325 2401 515 2478 largitionem
537 2399 659 2460 landum
683 2417 742 2460 non
765 2399 884 2461 habere.
928 2399 1042 2459 Etenim
1066 2401 1133 2476 quis
1152 2406 1249 2476 potest
1270 2417 1334 2458 mo·

212 2567 314 2619 druch:
334 2583 396 2618 aum
414 2566 543 2617 Henker!
563 2564 772 2633 entsprecbend.
791 2594 824 2603 -
842 2572 874 2616 ut
892 2564 943 2616 aui
963 2564 1044 2617 iatam
1066 2563 1251 2626 auheziehen3
1276 2563 1330 2631 vgl.

213 2635 264 2699 lli,
275 2640 318 2700 17,
331 2639 371 2687 14.
383 2636 469 2685 -An
484 2642 530 2696 tu;
543 2634 579 2684 du
588 2634 744 2686 bezweckst
755 2633 826 2685 doch
838 2633 915 2684 nicht
927 2633 1020 2684 etna?
1033 2632 1083 2684 mit
1094 2632 1154 2683 dem
1165 2631 1334 2684 Gedankeu=

213 2720 270 2754 suas
284 2719 346 2820 mill
359 2701 481 2755 darnach
493 2701 613 2768 glauben
627 2719 713 2767 muss3
732 2701 789 2768 agl.
800 2701 825 2767 1,
836 2701 1107 2768 tan-praeitur
1124 2699 1169 2751 aiu
1182 2699 1337 2765 Lieieraut,

213 2774 305 2822 Anaza
335 2787 374 2822 er.

281 2843 303 2892 7.
322 2841 382 2891 mel.
403 2839 486 2889 etiam
504 2836 653 2904 steigernd,
672 2835 733 2886 weil
747 2836 790 2887 die
808 2834 985 2886 Verderbniss
1008 2833 1057 2885 der
1075 2834 1244 2902 Empiinger
1263 2833 1333 2886 noch

211 2905 366 2957 schlimmer
383 2906 429 2970 iat,
450 2905 488 2956 als
507 2904 550 2955 die
568 2904 829 2970 Herabwiirdigung
845 2902 891 2954 des
905 2904 1023 2962 Gabers;
1043 2901 1095 2952 wie
1113 2902 1170 2953 dies
1186 2904 1250 2968 jene
1268 2901 1332 2953 Zeit

212 2974 309 3029 lehrte,
329 2991 372 3054 uo
390 2973 434 3024 die
452 2970 594 3039 Legionen
615 2989 667 3023 rtur
685 2971 756 3023 noch
774 2971 860 3022 durch
878 2971 1084 3036 Schenkungen
1103 2970 1149 3020 iiir
1166 2969 1226 3020 eine
1239 2968 1332 3021 Sache·

212 3057 247 3091 zu
266 3057 623 3175 gtiullleneflnlillaprsildecepit.
641 3135 672 3144 -
692 3091 820 3156 constare
843 3123 876 3156 ear
901 3104 1030 3157 bestehen
1055 3103 1087 3155 in
1106 3111 1208 3164 etsvns;
1233 3102 1287 3169 agl.
1308 3101 1333 3166 l,

213 3192 235 3227 c.
255 3180 296 3232 38,
316 3181 340 3230 3.
361 3204 392 3212 -
411 3176 499 3225 latius
522 3182 633 3242 puteat,
657 3172 712 3238 ugl.
730 3173 754 3235 Ι,
773 3190 796 3224 c.
816 3178 841 3237 7,
861 3178 901 3224 10.
921 3202 952 3210 -
972 3173 1080 3223 idoneis
1099 3171 1159 3222 hier
1178 3170 1229 3224 wie
1247 3188 1270 3221 c.
1292 3173 1332 3233 18,

211 3248 227 3294 3
246 3242 303 3292 und
323 3241 475 3294 manchmal
493 3241 593 3307 dignus
612 3241 644 3305 (I,
658 3245 701 3304 16,
715 3244 766 3303 10).
786 3239 1052 3306 hiuligeriudiguas
1070 3239 1105 3304 (c.
1121 3244 1162 3301 19,
1174 3242 1203 3306 ὃ)
1222 3237 1334 3289 absolut

211 3317 330 3376 geaetzt3
354 3310 472 3376 erginze
496 3308 541 3376 qui
567 3307 778 3360 adiuventur=
790 3307 953 3373 geeigneten
972 3307 1033 3369 M.;'
1046 3306 1199 3359 hominibus
1217 3305 1254 3357 ist
1272 3304 1333 3356 hier

212 3394 265 3428 nur
283 3386 431 3444 augescat,
452 3377 513 3428 weil
533 3393 566 3427 zu
585 3375 770 3442 indigentibus
783 3375 865 3426 allein
880 3374 942 3425 hein
957 3374 1084 3442 Adjectiv
1096 3380 1203 3440 gesetzt
1220 3371 1331 3424 werden

212 3446 326 3510 bonate,
343 3445 397 3511 vgl.
419 3450 461 3509 19,
479 3449 494 3496 7
513 3461 539 3496 u.
560 3445 632 3495 bono
650 3443 710 3494 viro
728 3441 846 3512 pauperi
867 3447 908 3505 10,
929 3446 970 3495 10.
991 3441 1051 3508 vgl,
1070 3442 1155 3493 index
1174 3447 1254 3492 unter
1274 3439 1332 3491 Ad-

209 3512 320 3579 jectiva,
340 3542 369 3550 -
391 3513 553 3579 diligentem
572 3513 731 3577 Gegensatz
749 3510 786 3562 ist
805 3509 991 3575 negligentem
1011 3509 1096 3562 daher
1113 3509 1136 3574 Ι,
1150 3514 1218 3572 39,1
1238 3507 1331 3574 digni-

211 3581 277 3633 tatis
294 3579 445 3647 diligentia.
464 3579 550 3631 Nicht
566 3578 652 3630 seiten
670 3577 828 3629 verbunden
847 3577 990 3644 diligentia
1008 3586 1036 3628 et
1053 3576 1230 3644 parsimonia,
1249 3594 1272 3627 c.
1288 3582 1331 3640 24,

212 3654 243 3700 10
263 3665 289 3699 u.
309 3649 331 3714 l,
345 3654 388 3709 26,
403 3654 441 3700 10.
473 3647 533 3713 Vgl.
554 3647 609 3698 Cic.
630 3646 664 3697 ad
683 3646 804 3696 Herenn.
819 3643 922 3708 1V‚as,
936 3650 969 3697 35
987 3644 1050 3695 Non
1065 3652 1107 3696 est
1118 3643 1173 3696 ista
1186 3642 1332 3710 diligentia

211 3714 257 3767 aed
284 3716 410 3772 auaritia,
437 3714 498 3767 ideo
517 3715 590 3783 quod
617 3723 659 3766 est
685 3711 828 3779 diligentia
855 3722 987 3763 accurata
1014 3711 1187 3763 conservatio
1209 3728 1329 3774 auorum,

212 3782 329 3835 avaritia
346 3782 480 3835 iniuriosa
499 3782 633 3852 appetitio
653 3781 814 3833 alienorum.
850 3780 918 3831 Hier
936 3778 1006 3831 alsoe
1027 3778 1328 3831 wirthachaitlieh.

279 3854 318 3902 10.
337 3850 435 3914 Multi,
455 3850 507 3901 wie
525 3851 606 3912 Milo,
632 3849 730 3912 Curio,
754 3850 865 3901 Caesar.
888 3875 921 3884 -—
945 3848 1054 3898 diutius
1080 3865 1137 3898 non
1163 3849 1268 3912 pontis,-
1293 3844 1330 3896 im

211 3917 365 3968 Deutschen
384 3916 421 3969 ist
438 3917 482 3968 die
495 3918 634 3985 Negation
654 3917 703 3970 mit
715 3918 773 3968 dem
789 3916 897 3969 Adverb
915 3931 950 3966 zu
963 3913 1125 3966 verbinden=
1147 3913 1223 3964 nicht
1235 3912 1332 3979 linger

210 4008 243 4028 =
262 3984 340 4036 nicht
358 3984 439 4051 langa
457 3985 539 4038 mehr.
561 4014 591 4022 —
612 3987 702 4052 Atque
720 3986 817 4048 etiam,
839 3984 894 4050 vgl.
915 3983 939 4048 Ι,
958 3987 1001 4047 26,
1022 3989 1044 4034 1.
1063 4010 1097 4019 —
1116 3989 1273 4047 sequuntur
1290 3981 1333 4031 aie

210 4053 269 4104 sind
289 4052 333 4104 die
351 4052 454 4119 Felge3
473 4053 528 4118 vgl.
548 4053 572 4116 Ι,
589 4058 633 4115 45,
651 4058 667 4104 6
686 4070 711 4105 u.
730 4052 783 4118 ΙΙΙ,
801 4058 828 4117 4,
847 4058 886 4105 13.

279 4127 320 4174 13.
341 4123 493 4172 reserunda
512 4119 567 4186 vgl.
587 4138 609 4172 c,
628 4125 653 4181 6,
672 4127 696 4173 3.
716 4150 747 4159 -
767 4124 908 4186 referatur
921 4120 967 4181 od,
988 4115 1041 4183 vgl.
1058 4114 1081 4181 Ι,
1096 4119 1136 4178 10,
1148 4119 1172 4166 2.
1185 4143 1219 4152 —
1231 4115 1250 4168 l.
1263 4117 1330 4180 fun-

211 4190 276 4240 dum
294 4207 321 4240 n.
340 4190 366 4239 b.
382 4188 527 4241 Schenken
546 4187 595 4238 bat
612 4188 710 4240 keinen
726 4188 829 4252 Boden,
847 4186 936 4253 gleicb
954 4184 1014 4236 dem
1029 4185 1096 4236 Fasa
1110 4182 1159 4234 der
1170 4182 1329 4249 Danaiden,

210 4254 236 4307 d.
256 4255 280 4306 h.
299 4255 348 4308 der
367 4256 458 4307 Geber
476 4255 547 4321 hat,
570 4254 619 4307 dar
638 4254 807 4308 Beschenkte
830 4255 991 4307 bekommt
1014 4251 1058 4302 nie
1080 4266 1180 4317 genng.
1200 4279 1232 4288 -
1251 4252 1333 4318 quin
