2826 4748
212 310 253 376 84
653 327 701 374 nu
723 327 873 376 osricus

210 466 280 548 quid
303 467 429 527 maxime
452 464 534 527 utile.
578 466 621 527 De
644 465 753 545 quibus
775 466 876 527 dicere
899 466 1066 545 aggrediar,
1090 468 1114 528 si
1131 486 1223 546 pauca
1239 470 1325 547 prius

210 553 247 612 de
269 553 404 612 instituto
428 568 462 611 ac
484 551 521 610 dc
542 550 652 610 iudicio
675 569 741 611 meo
764 551 878 611 dixero.

176 649 193 697 a
295 632 324 696 2.
350 635 534 713 Quamquam
564 636 642 697 enim
672 633 742 695 libri
771 637 865 696 nostri
896 635 1066 715 complures
1088 655 1148 697 non
1172 636 1262 698 modo
1285 639 1322 699 ad

210 720 342 799 legendi,
372 719 423 780 sed
454 719 540 779 etiam
569 719 605 780 ad
634 719 784 781 scribendi
813 720 946 781 studium
976 724 1193 791 excitaverunt,
1222 731 1322 784 tamen

209 806 360 866 interdum
381 821 495 872 vereor,
519 821 556 864 ne
579 803 757 882 quibusdam
781 802 868 866 bonis
890 807 961 866 viris
982 802 1191 886 philosophiae
1214 826 1324 868 nomen

211 892 249 950 sit
269 891 407 958 invisum,
431 890 644 969 mirenturque,
668 892 701 949 in
724 908 758 950 ea
780 897 896 950 tantum
925 909 973 950 me
996 907 1104 970 operae
1127 899 1156 952 ct
1180 894 1325 971 temporis

176 986 330 1053 tponere.
375 973 437 1052 Ego
465 982 577 1042 autem,
607 974 746 1054 quamdiu
772 991 822 1034 res
851 974 969 1053 publica
999 994 1054 1054 per
1077 994 1128 1036 eos
1150 975 1322 1055 gerebatur,

210 1058 315 1136 quibus
337 1076 370 1119 se
398 1059 461 1135 ipsa
490 1061 692 1128 commiserat,
722 1076 825 1118 omnes
852 1078 933 1120 meas
955 1077 1043 1123 curas
1065 1062 1319 1140 cogitationesque

176 1154 192 1204 6
209 1144 320 1204 ineam
336 1141 535 1203 conferebam.
551 1141 623 1202 Cum
639 1150 738 1204 autem
751 1143 902 1204 dominatu
917 1146 1004 1204 unius
1020 1147 1119 1205 omnia
1135 1141 1320 1216 tenerentur,

210 1245 306 1306 neque
330 1235 407 1288 esset
429 1243 552 1307 usquam
569 1227 692 1288 consilio
715 1235 765 1289 aut
782 1231 949 1290 auctoritati
965 1228 1055 1299 locus,
1080 1233 1176 1290 socios
1193 1231 1321 1308 denique

211 1312 338 1373 tuendae
364 1313 409 1372 rei
439 1311 588 1390 publicae,
620 1330 751 1373 summos
785 1316 876 1383 viros,
904 1316 1084 1374 amisissem:
1113 1333 1169 1375 nec
1197 1333 1244 1376 me
1272 1333 1324 1375 an-

211 1396 334 1474 goribus
356 1395 465 1465 dedidi,
490 1395 598 1473 quibus
621 1415 716 1459 essem
733 1398 894 1467 coniectus,
919 1400 975 1458 nisi
997 1401 1033 1459 iis
1056 1401 1242 1477 restitissem,
1266 1417 1324 1460 neo

177 1486 329 1543 drursum
357 1481 488 1559 indignis
517 1481 638 1541 homine
667 1482 753 1543 docto
780 1482 989 1563 voluptatibus.
1034 1481 1063 1548 3.
1087 1485 1182 1563 Atque
1210 1485 1323 1546 utinam

210 1585 259 1628 res
287 1565 405 1647 publica
433 1568 579 1635 stetisset,
609 1585 667 1646 quo
690 1575 830 1647 coeperat
855 1576 945 1636 statu,
971 1585 1026 1628 nec
1049 1572 1080 1629 in
1103 1569 1236 1630 homines
1260 1587 1319 1628 non

209 1659 268 1712 tam
292 1651 582 1722 commutandarum,
605 1669 691 1730 quam
722 1654 946 1733 evertendarum
973 1669 1074 1724 rerum
1098 1653 1222 1730 cupidos
1244 1655 1320 1714 inci-

175 1736 308 1797 ldisset.
352 1736 485 1796 Primum
514 1737 608 1804 enim,
639 1742 671 1796 ut
698 1745 793 1798 stante
819 1737 992 1816 republica
1015 1738 1114 1797 iacere
1144 1736 1322 1805 solebamus,

208 1823 239 1881 in
262 1821 375 1896 agendo
398 1819 479 1900 plus,
503 1839 591 1899 quam
611 1821 834 1889 inscribendo,
859 1839 967 1900 operae
990 1838 1186 1899 poneremus:
1216 1822 1323 1881 deinde

208 1907 284 1983 ipsis
312 1907 432 1984 scriptis
465 1922 525 1965 non
548 1923 596 1974 ea,
625 1924 700 1985 quae
722 1923 810 1975 nunc,
835 1906 887 1966 sed
910 1907 1040 1967 actiones
1062 1915 1179 1968 nostras
1201 1907 1324 1967 mauda-

175 1989 191 2038 8
211 2009 322 2061 remus,
351 1998 385 2051 ut
400 2007 488 2069 saepe
503 1991 637 2051 lecimus.
669 1991 741 2052 Cum
757 1999 855 2051 autom
871 2008 920 2051 res
942 1991 1070 2069 publica,
1093 1993 1124 2051 in
1147 2011 1205 2072 quo
1228 1993 1324 2051 omnis

211 2094 278 2136 mea
306 2094 387 2144 cura,
419 2076 572 2154 cogitatio,
603 2093 691 2154 opera
721 2077 791 2153 poni
820 2075 949 2151 solebat,
979 2074 1058 2137 nulla
1082 2085 1161 2138 esset
1184 2079 1322 2146 omnino;

176 2159 321 2222 9scilicet
352 2160 468 2221 litterae
502 2163 724 2234 conticuerunt,
753 2160 888 2220 forenses
917 2167 947 2220 et
969 2161 1144 2221 senatoriae.
1189 2159 1218 2221 4.
1244 2158 1324 2220 Nihil

211 2264 299 2324 agere
327 2252 425 2306 autem
454 2263 522 2305 cum
550 2246 665 2304 animus
693 2261 754 2304 non
782 2255 884 2324 posset
913 2247 944 2304 in
972 2241 1021 2305 his
1049 2246 1153 2305 studiis
1180 2244 1217 2307 ab
1240 2246 1324 2304 initio

209 2444 257 2496 der
274 2443 476 2510 Wortstellung
494 2442 569 2510 zeigt
586 2441 645 2495 sich
663 2443 729 2495 eben
747 2442 817 2495 euch
836 2442 884 2495 der
900 2441 1014 2512 Maugel
1033 2460 1069 2495 an
1086 2442 1324 2511 Uebererbeitung

209 2512 254 2563 des
268 2510 432 2574 Eiuzeluem
455 2509 510 2576 vgl.
530 2509 600 2562 noch
618 2509 737 2575 1,at,3;
756 2510 795 2575 Il,
813 2516 840 2574 8,
858 2515 900 2565 20.
921 2516 963 2578 m,
982 2517 1022 2567 13.
1041 2516 1082 2576 19,
1095 2517 1141 2576 113
1160 2511 1322 2577 111,ae,2o.

210 2609 242 2617 —
260 2579 421 2631 institutum
447 2576 491 2629 die
513 2577 718 2646 llinriohtung,
745 2579 794 2630 der
811 2579 883 2631 Pleu
905 2577 951 2632 des
968 2580 1098 2645 Werkes3
1125 2581 1261 2632 iudicium
1279 2578 1324 2630 die

210 2645 325 2699 Ansicht
342 2645 398 2712 vgl.
417 2645 440 2710 I,
458 2649 502 2710 25,
520 2651 546 2700 i.

276 2718 303 2766 2.
321 2714 385 2766 tttri
403 2715 501 2778 nostri,
520 2713 576 2781 vgl.
596 2731 618 2766 c.
633 2719 657 2775 9,
673 2719 695 2768 1.
709 2744 738 2753 -
759 2716 911 2782 complures
925 2715 1026 2783 object
1045 2732 1079 2767 zu
1098 2714 1224 2779 excitare,
1243 2729 1323 2765 wozu

208 2783 282 2835 donn
306 2785 421 2864 quidum
444 2783 508 2834 doni
532 2783 587 2834 ciri
608 2781 661 2834 den
680 2784 837 2850 Gegensetz
859 2782 961 2845 bildet3
988 2782 1062 2835 diese
1078 2789 1182 2849 guten
1201 2782 1321 2844 Lente,

211 2850 261 2903 wie
281 2866 331 2902 ιιιι·
347 2866 442 2918 regen,
461 2849 524 2902 sind
546 2849 652 2915 solche‚
679 2849 723 2903 die
740 2850 784 2903 die
801 2851 891 2904 Seche
910 2850 987 2903 nicht
1002 2849 1082 2902 recht
1099 2850 1256 2910 semeher,
1275 2850 1324 2901 ob·

209 2917 263 2971 wol
288 2917 327 2970 sie
354 2935 381 2970 es
401 2917 528 2985 (sittlich)
555 2926 605 2985 gut
622 2917 742 2982 meinen;
771 2918 826 2985 rgl.
850 2918 895 2970 die
917 2917 1045 2970 fibuliche
1062 2917 1155 2970 Ironie
1178 2918 1208 2970 in
1224 2917 1261 2977 11,
1279 2921 1323 2982 25,

209 2992 227 3106 1⁷·
245 3004 270 3104 q
283 2985 342 3104 lin,
361 2991 386 3050 9,
406 2991 431 3039 5.
467 2987 597 3053 Degegen
616 2985 668 3039 viri
686 2985 759 3049 boni,
778 2986 832 3053 vgl.
851 2986 875 3052 I,
893 2991 919 3052 7,
938 2991 1008 3038 1.-
1027 2987 1224 3054 mirenturque,
1246 2986 1319 3036 nim·

219 3071 245 3105 rc
282 3071 331 3104 ιι.

276 3142 302 3192 4.
321 3138 421 3204 quidus
439 3155 467 3188 se
485 3138 547 3205 ipsa
565 3138 656 3190 comm.
676 3136 793 3189 nimlich
815 3137 867 3189 den
884 3154 939 3189 ron
958 3137 1010 3189 den
1030 3137 1155 3205 Bdrgern
1173 3136 1257 3189 selbst
1274 3152 1323 3203 ge·

211 3205 330 3257 wdhlten
348 3203 539 3271 Magistruten.
561 3233 590 3241 -
610 3206 707 3271 unius,
724 3205 856 3258 Caesaris.
877 3235 909 3244 -
927 3207 1074 3258 consilium
1093 3205 1149 3257 und
1167 3207 1323 3257 auctoritas

209 3273 274 3340 geht
289 3272 438 3324 besonders
458 3272 508 3324 auf
521 3271 574 3322 den
592 3273 687 3325 Sonat.
706 3302 739 3310 —
757 3291 876 3325 summos
894 3275 978 3333 viros,
998 3273 1048 3324 wie
1065 3274 1223 3341 Pompejus,
1241 3271 1323 3337 Cato,

210 3339 343 3392 Lucullus
362 3356 387 3391 u.
408 3341 439 3397 Α.
461 3369 489 3378 -
509 3358 623 3392 rursum
640 3340 804 3392 entstandeu
823 3358 870 3393 eus
888 3357 1059 3407 re-versum,
1079 3341 1129 3393 wie
1142 3356 1259 3408 quorsus
1272 3355 1322 3391 ans

210 3424 391 3529 ttttttt
408 3407 1088 3543 ilglllllssh§alulilllllt„hllnssan‘¹³³⁸g⁸⁰³
1113 3408 1163 3459 ,a
1181 3407 1251 3460 “¹¹⁰''
1270 3406 1323 3459 aa

277 3582 302 3630 6.
321 3596 374 3646 quo
397 3585 523 3646 coeperat
546 3585 639 3644 statu,
657 3576 746 3644 gleich
765 3579 835 3630 nach
853 3578 978 3632 Caeser's
995 3577 1178 3645 Ermordung.
1196 3595 1320 3629 -com-

210 3655 276 3700 mut.
294 3685 299 3697 .
313 3685 319 3700 .
333 3686 339 3697 .
354 3653 436 3698 evera.
461 3645 512 3697 Die
523 3644 654 3698 irrihereu
668 3645 792 3714 lliupter
803 3645 851 3697 der
861 3645 1044 3715 Volksportei,
1056 3645 1158 3698 wiedie
1169 3644 1323 3709 Graccben,

210 3715 306 3766 hatten
327 3731 379 3766 nur
396 3712 457 3765 eine
475 3713 671 3781 Verdnderung
692 3713 740 3765 der
758 3713 942 3781 Verlesoung,
967 3710 1104 3766 [Antonius
1122 3713 1248 3782 degegen
1267 3712 1323 3764 und

210 3781 283 3833 seins
302 3780 451 3849 Anbinger
468 3783 550 3834 einen
567 3782 699 3835 Umsturz
716 3782 858 3835 derselben
876 3799 937 3834 zum
957 3781 1040 3834 Ziele.

278 3888 302 3935 7.
324 3884 446 3945 actiones
469 3883 702 3951 Verhendlungen
724 3883 758 3935 im
782 3885 870 3937 Senot
893 3883 949 3935 und
973 3882 1103 3946 Gericht,
1127 3881 1249 3934 desselbe
1266 3897 1323 3933 tras

212 3950 331 4002 nachher
358 3950 468 4014 litterae
492 3951 613 4004 forenses
636 3961 664 4004 et
686 3960 788 4004 senet:
816 3951 844 4002 in
868 3951 998 4018 gleichem
1018 3950 1105 4004 Sinus
1127 3949 1165 4000 ist
1186 3949 1256 4000 euch
1274 3947 1322 4001 das

212 4017 430 4084 vorhergehende
443 4023 549 4085 agendo
562 4036 596 4072 zu
610 4019 733 4072 nehmen.
747 4049 779 4057 —
792 4020 895 4070 scilicet
913 4018 1032 4082 freilich,
1056 4017 1107 4069 wie
1126 4017 1207 4068 Jeder
1225 4015 1322 4069 wisseu

211 4087 294 4141 kann.
312 4114 346 4123 -
364 4087 474 4138 litterae
491 4087 616 4151 Studien,
634 4088 757 4139 insolern
775 4085 814 4140 sie
832 4085 984 4139 schriltlich
1003 4085 1129 4153 gemacht
1147 4084 1264 4141 werden,

279 4159 302 4207 9.
321 4153 401 4206 Nihil
419 4172 499 4220 apere
521 4155 624 4222 mfissig
644 4155 716 4219 sein,
738 4155 763 4206 d.
791 4155 817 4205 h.
846 4155 935 4207 nichts
963 4154 1046 4218 thun,
1076 4152 1248 4205 rerschieden
1268 4170 1322 4205 von

212 4222 328 4275 otiosum
346 4239 403 4274 esse
420 4221 499 4274 keine
511 4223 745 4290 staaugescttfte
756 4223 905 4287 betreiben‚
918 4241 938 4275 s.
951 4222 975 4288 I,
989 4227 1032 4285 21,
1045 4227 1067 4277 1.
1080 4251 1114 4259 —
1125 4229 1321 4303 posteaquem,¹

210 4289 546 4358 hierffingtderNechsatz
560 4292 608 4344 mit
617 4291 703 4344 einem
709 4291 879 4345 Nebensotze
891 4287 1324 4354 an,vrsihrender1ml)eutscben
