2826 4748
157 268 199 333 32
601 285 648 331 us
672 284 830 332 oramus.

124 425 254 501 3potius
282 425 436 501 attingere.
480 421 531 482 47.
555 428 648 502 Atque
671 422 744 484 baec
767 427 798 485 in
821 423 962 483 moribus.
1008 423 1050 484 De
1073 420 1272 482 benivolentia

158 517 267 578 autem,
301 526 387 586 quam
416 510 540 587 quisque
570 508 676 569 habeat
704 525 773 585 erga
801 525 870 578 nos,
906 509 1035 586 primum
1064 506 1137 568 illud
1166 515 1211 567 est
1238 509 1272 567 in

158 594 271 662 officio,
301 602 335 653 ut
357 595 385 653 ei
407 593 568 672 plurimum
591 592 773 668 tribuamus,
796 611 812 653 a
836 611 893 671 quo
916 592 1077 671 plurimum
1101 590 1270 669 diligamur.

159 677 216 737 Sed
240 675 466 737 benivolentiam
494 696 552 737 non
567 713 568 717 =
582 675 869 738 adolescentulorum
900 695 983 737 more
1011 675 1119 737 ardore
1141 676 1270 755 quodam

122 762 273 831 aemonis,
297 760 347 821 sed
364 761 522 822 stabilitate
538 763 634 839 potius
656 770 685 822 et
707 763 870 822 constantia
893 763 1068 822 iudicemus.
1091 760 1157 843 *Sin
1181 768 1271 820 erunt

158 849 273 915 merita,
298 855 330 905 ut
352 863 411 905 non
428 847 565 914 ineunda,
589 844 640 907 sed
656 847 813 906 referenda
829 847 867 906 sit
882 848 985 923 gratia,
1009 847 1103 906 maior
1126 845 1271 921 quaedam

160 948 231 992 cura
260 927 426 991 adhibenda
461 940 516 992 est.
565 929 683 991 Nullum
718 933 794 990 enim
828 930 957 990 olfioium
991 929 1146 990 referenda
1175 931 1271 1007 gratia

130 1016 259 1092 tmagis
282 1016 481 1075 necessarium
505 1023 558 1076 est.
602 1011 653 1076 48.
677 1013 788 1084 Quodsi
811 1032 854 1083 ea,
878 1033 953 1094 quae
975 1015 1084 1074 utenda
1108 1016 1269 1094 acceperis,

162 1102 274 1161 maiore
296 1117 446 1167 mensura,
470 1101 494 1159 si
518 1099 606 1159 modo
628 1101 733 1178 possis,
756 1098 840 1159 iubet
860 1098 986 1159 reddere
1002 1098 1162 1166 Hesiodus;
1187 1099 1272 1175 quid·

158 1203 225 1244 nam
250 1183 394 1244 beneficio
417 1186 567 1262 provocati
589 1183 686 1244 lacere
708 1183 869 1244 debemus?
907 1188 950 1244 An
972 1185 1081 1243 imitari
1103 1201 1189 1260 agros
1210 1184 1272 1243 ier·

125 1267 239 1336 utiles,
268 1270 318 1348 qui
341 1265 432 1327 multo
463 1268 529 1346 plus
552 1268 693 1335 efferunt,
722 1286 808 1348 quam
832 1269 1029 1345 acceperunt?
1052 1268 1169 1329 Etenim
1192 1268 1217 1327 si
1239 1271 1271 1328 in

159 1371 219 1420 eos,
243 1371 317 1431 quos
339 1368 492 1429 speramus
512 1352 597 1413 nobis
612 1352 792 1430 prolaturos,
818 1371 876 1413 non
893 1351 1062 1413 dubitamus
1083 1354 1182 1413 oflicia
1198 1370 1270 1412 con·

126 1438 252 1507 rierre;
286 1435 388 1516 quales
416 1438 445 1496 in
469 1455 521 1498 eos
543 1455 608 1498 esse
631 1437 787 1507 debemus,
812 1438 862 1517 qui
885 1439 942 1498 iam
966 1438 1160 1517 prosuerunt?
1196 1436 1271 1498 Nam

160 1539 226 1582 cum
250 1522 308 1582 duo
331 1539 439 1599 genera
463 1520 650 1584 liberalitatis
672 1523 739 1591 sint,
763 1541 855 1582 unum
871 1521 961 1582 dandi
977 1521 1121 1592 beneficii,
1146 1520 1272 1582 alterum

163 1605 322 1667 reddendi:
348 1605 464 1674 demus,
491 1625 599 1675 necne,
627 1610 657 1667 in
681 1615 780 1667 nostra
803 1615 947 1684 potestate
970 1614 1030 1675 est;
1054 1625 1113 1671 non
1135 1605 1272 1676 reddere,

127 1711 143 1760 8
162 1693 224 1750 viro
246 1691 325 1751 bono
347 1709 406 1750 nou
429 1691 507 1758 licet,
531 1691 619 1751 modo
635 1690 666 1752 id
682 1693 780 1752 lacere
802 1691 895 1770 possit
917 1693 982 1751 sine
997 1693 1116 1754 iniuria.
1149 1687 1200 1751 49.
1217 1694 1272 1751 dc·

162 1783 316 1853 ceptorum
342 1784 439 1835 autem
464 1775 676 1837 beneficiorum
700 1783 769 1836 sunt
791 1773 923 1836 delectus
951 1774 1088 1836 habendi.
1133 1775 1194 1837 Nec
1217 1775 1271 1836 du·

160 1858 250 1928 bium,
275 1860 345 1938 quin
369 1859 496 1920 maximo
519 1860 626 1940 cuique
648 1860 811 1940 plurimum
835 1859 987 1921 debeatur.
1032 1861 1065 1922 ln
1089 1879 1147 1940 quo
1170 1868 1270 1920 tamen

160 1946 191 2004 in
215 1945 328 2022 primis,
352 1959 411 2020 quo
434 1946 559 2024 quisque
582 1947 690 2015 animo,
706 1946 820 2015 studio,
845 1943 1040 2007 benivolentia
1058 1945 1171 2014 lecerit,
1197 1963 1271 2024 pon·

127 2027 323 2097 siderandum
357 2037 409 2088 est.
459 2029 541 2090 Multi
570 2032 648 2091 enim
677 2032 787 2091 iaciunt
817 2029 907 2090 multa
945 2032 1111 2091 temeritate
1145 2028 1270 2106 quadam

160 2115 225 2174 sine
248 2113 367 2182 iudicio,
392 2112 563 2173 velmorbo
586 2117 616 2174 iu
640 2134 752 2185 omnes
779 2113 820 2174 vel
844 2117 1001 2193 repentino
1025 2114 1162 2190 quodam,
1187 2115 1272 2193 quasi

159 2207 262 2267 vento,
287 2201 398 2276 impetu
422 2198 511 2258 animi
533 2200 661 2259 incitati:
695 2218 768 2278 quae
798 2197 941 2259 beneficia
964 2217 1058 2278 aeque
1083 2197 1271 2274 magnanon

159 2432 181 2466 s.
201 2431 223 2465 c.
244 2419 270 2477 t,
289 2417 318 2474 13
337 2411 485 2478 eigeutlich
504 2413 667 2477 virbonus,
691 2412 750 2464 hier
769 2412 922 2480 umgestellt
939 2413 992 2464 wie
1009 2413 1062 2475 ΙΙΙ,
1083 2418 1124 2478 19,
1142 2417 1158 2465 6
1176 2431 1271 2481 wegen

159 2481 206 2533 des
230 2481 280 2532 auf
299 2480 386 2531 bonus
409 2479 551 2546 liegenden
576 2480 763 2536 Naohdrucks.
781 2511 814 2518 -
832 2483 925 2549 potius
949 2483 1085 2548 attingere
1109 2498 1133 2536 c.
1152 2484 1176 2546 6,
1197 2487 1220 2534 1.
1239 2511 1270 2519 —

160 2551 191 2600 in
209 2549 330 2599 moribus
349 2547 464 2599 nilmlicb
483 2556 567 2601 erunt
584 2547 741 2617 spectanda.
1300 2559 1302 2562 ’

228 2622 253 2668 3.
272 2616 314 2667 De
332 2616 463 2678 heniool.;
483 2616 516 2666 de
534 2617 606 2668 ohne
623 2616 834 2684 grammatische
846 2616 1006 2684 Beziehung
1023 2617 1073 2668 aul
1088 2616 1135 2668 das
1154 2615 1271 2667 Verbum

160 2683 315 2752 entspricht
334 2699 469 2736 anserem:
488 2702 553 2737 was
571 2684 768 2748 anbetrill't,
793 2684 847 2751 vgl.
865 2701 889 2741 o.
906 2690 948 2743 tt,
967 2691 989 2738 1.
1010 2713 1040 2722 —
1064 2687 1162 2736 babeat
1184 2683 1272 2734 baben

160 2767 232 2817 mag,
251 2750 321 2803 nach
348 2768 457 2804 unserer
475 2751 667 2820 Vorstellung3
703 2753 800 2804 eberiso
828 2754 988 2820 diligamur.
1005 2779 1039 2790 ·-
1056 2753 1087 2803 in
1106 2752 1196 2818 officio
1213 2750 1269 2817 vgl.

160 2837 182 2872 c.
202 2824 226 2872 t.
245 2824 269 2872 8.
288 2847 320 2857 -
340 2822 452 2882 ardore,
483 2823 651 2886 stabilitate,
678 2821 837 2873 constantin
861 2819 970 2872 Ablativ
995 2818 1039 2871 des
1057 2818 1186 2883 Maasses,
1205 2836 1272 2870 wo-

162 2888 243 2939 uach
263 2885 313 2938 wir
332 2895 416 2938 etwas
433 2887 611 2950 beurtheilen‚
631 2889 682 2940 wie
699 2888 741 2940 in:
761 2905 872 2955 magnos
887 2887 1006 2939 homines
1019 2887 1121 2938 virtute
1137 2885 1273 2950 metimur,

162 2972 215 3007 non
240 2954 361 3021 fortuna,
382 2954 447 3005 oder
464 2955 492 3006 in
511 2954 610 3023 dignus
629 2956 720 3025 aliqua
736 2974 774 3008 re.
795 2984 827 2993 —
845 2958 944 3009 merita
964 2952 1076 3004 ntulien
1101 2952 1221 3005 alterius.
1241 2983 1272 2992 -

160 3040 217 3074 non
234 3023 370 3086 ineundo,
388 3025 435 3073 sed
453 3027 598 3088 referendo
617 3023 693 3075 nicht
710 3040 745 3075 zu
762 3022 911 3088 ermerben,
929 3020 1047 3073 sondern
1066 3037 1100 3071 zu
1120 3020 1270 3087 vergelten.

160 3119 194 3128 —
212 3091 357 3154 referenda
374 3090 469 3154 pratia
486 3090 541 3157 vgl.
561 3108 584 3142 c.
603 3096 628 3153 ἓ,
646 3096 663 3142 4
681 3090 820 3143 tradendis
839 3088 999 3158 praeceptis.

228 3162 252 3208 5.
272 3158 377 3208 utendo
402 3156 455 3223 vgl.
483 3176 505 3209 c.
522 3163 570 3211 81
596 3158 783 3225 perfruendas.
807 3187 840 3194 -
862 3159 919 3220 An3
948 3155 1032 3208 dieses
1057 3172 1095 3206 an
1121 3156 1191 3208 ohne
1209 3174 1272 3209 aus-

161 3222 304 3275 drricklich
316 3225 545 3290 vorangehenden
558 3235 650 3277 ersten
663 3224 743 3278 Theil
761 3225 809 3276 der
827 3225 917 3291 Frage
934 3225 1087 3292 entspricht
1104 3224 1273 3290 gewr'ihnlioh

161 3307 268 3343 unserm
288 3290 367 3342 oder
385 3299 485 3356 etms,
503 3292 587 3344 doch
606 3292 702 3345 nicht
720 3300 822 3358 etwe,
839 3309 869 3344 so
887 3293 949 3344 dass
967 3309 995 3345 es
1013 3301 1098 3343 etwas
1112 3290 1273 3343 Verneintes

161 3357 265 3424 briugt,
284 3357 336 3408 wie
355 3359 391 3424 ΙΙ,
411 3363 449 3418 15,
469 3364 492 3411 6.
511 3360 561 3420 ΙΙΙ,
580 3366 620 3415 33.
640 3367 656 3414 6
675 3377 701 3412 u.
721 3367 744 3413 7.
765 3365 807 3425 29,
826 3365 867 3412 10.
882 3364 924 3426 28,
944 3364 967 3412 5.
1000 3360 1072 3411 Aber
1085 3360 1144 3410 bier
1162 3359 1219 3411 und
1238 3376 1272 3411 an

162 3443 187 3479 a.
205 3427 246 3478 St.
270 3424 307 3477 ist
338 3442 365 3477 es
393 3426 453 3478 eine
484 3427 636 3495 bejahende
663 3429 752 3495 Frage
769 3451 802 3472 =
826 3445 927 3480 nonne.
963 3426 1096 3479 Aebnlich
1119 3427 1152 3478 de
1175 3428 1273 3479 Semli

162 3496 185 3547 Α
204 3493 283 3545 rebus
301 3493 426 3559 gerendis
443 3507 567 3547 senectus
587 3495 729 3547 abstrahit.
767 3496 875 3558 Quibus
884 3496 899 3546 ‘l
924 3497 965 3547 An
989 3495 1022 3546 iis
1046 3512 1116 3563 quae
1133 3495 1274 3546 iuventute

161 3569 296 3628 geruntur
313 3569 340 3612 et
358 3561 460 3614 viribus
482 3587 516 3606 =
536 3562 618 3615 doch
642 3562 728 3615 wohl
755 3563 840 3629 (nur)
867 3581 920 3614 von
939 3562 1038 3624 denen,
1057 3561 1221 3614 welche...
1240 3591 1274 3599 -

160 3632 239 3681 modo
251 3653 285 3672 =
296 3627 449 3682 dummodo.
462 3660 496 3667 —
509 3633 630 3683 delectus
642 3631 762 3682 habendi
780 3630 978 3683 Untersclriede
996 3630 1117 3695 macheu,
1136 3629 1189 3697 vgl.
1210 3647 1233 3682 c.
1247 3635 1272 3695 2,

161 3702 177 3748 9
193 3714 222 3748 u.
243 3701 285 3761 14,
303 3700 334 3749 10
354 3697 410 3749 und
428 3697 576 3750 aullellend
595 3697 695 3764 eligere
713 3716 735 3749 c.
748 3703 791 3765 41,
804 3703 828 3750 6.
841 3728 874 3736 -
892 3699 1010 3750 maximo
1023 3701 1120 3766 cuique
1132 3697 1272 3749 beneficio.

229 3769 254 3816 9.
273 3767 316 3816 nel
333 3767 425 3816 morbo
443 3767 474 3817 in
492 3784 584 3818 omnea
604 3794 634 3802 -
653 3767 695 3817 vel
713 3768 855 3835 repentino
878 3767 982 3831 impetu
1004 3765 1085 3817 theils
1104 3782 1152 3816 ans
1170 3764 1274 3815 krank·

162 3831 252 3882 hafter
270 3831 357 3884 Sucht
376 3849 461 3899 gegen
482 3832 540 3886 Alie
558 3833 629 3885 ohne
645 3832 835 3897 Unterschied,
854 3833 933 3886 theils
951 3833 992 3895 (in
1010 3832 1152 3884 einzelnen
1166 3829 1272 3898 Fdllen)

161 3916 214 3950 von
238 3899 441 3951 aufloderndem
464 3901 544 3954 Eifer
564 3901 704 3968 getrieben
727 3901 797 3953 siben
820 3902 858 3953 sie
880 3900 1074 3962 Wohlthaten3
1103 3897 1179 3948 beide
1202 3899 1274 3951 obue

161 3967 354 4033 Ueherlegung
372 3968 426 4019 und
444 3968 561 4024 Urtheil.
592 3971 629 4022 So
647 3976 710 4036 sagt
728 3969 784 4022 cte.
801 3972 830 4020 in
851 3969 925 4021 Verr.
945 3968 981 4029 ΙΙ,
999 3972 1024 4021 4.
1044 3973 1072 4019 1:
1094 3965 1180 4017 Venio
1201 3983 1274 4018 nuno

162 4034 298 4098 edistius,
317 4035 541 4102 quemadmodum
552 4037 611 4106 ipse
623 4037 755 4105 appellat,
772 4037 892 4089 studium
906 4032 1121 4103 (Liebhsberei);
1147 4043 1178 4085 ut
1196 4035 1274 4085 amici

161 4102 228 4166 eius,
246 4103 367 4154 morbum
391 4113 418 4154 et
441 4103 575 4157 insaniam
594 4105 697 4169 (Sucht
715 4121 740 4157 u.
761 4103 978 4166 Leidenscbsft);
998 4109 1029 4152 ut
1046 4100 1144 4163 Siculi,
1162 4101 1275 4153 latroci-

162 4170 246 4225 nium.
266 4170 326 4238 Vgl,
346 4170 404 4223 eie.
423 4169 455 4222 de
473 4172 520 4223 fin.
541 4180 564 4236 i,
584 4178 623 4226 18.
660 4172 751 4224 Animi
769 4172 854 4224 morbi
872 4179 936 4223 sunt
950 4168 1116 4236 cupiditates
1128 4169 1274 4221 immensae

161 4245 188 4289 et
205 4238 300 4292 inanes
318 4238 484 4300 divitiarum,
499 4240 611 4307 gloriae,
629 4239 829 4292 dominationis.
843 4268 875 4276 -
888 4255 943 4291 non
962 4235 1109 4304 eigentlich
1133 4254 1166 4288 zu
1191 4253 1275 4306 aeque
