2826 4748
190 266 250 331 188
639 282 686 329 nu
710 280 858 330 ormena

187 438 311 498 tutionis
332 455 385 517 spe
408 436 570 517 explorata,
594 445 628 497 ut
648 456 664 497 a
685 436 856 498 Metrodoro
872 437 1018 517 scriptum
1034 443 1088 508 est,
1113 439 1300 501 continetur:

187 529 269 582 certe
290 521 364 582 baec
387 521 512 591 utilitas,
543 530 574 581 et
600 520 719 599 quidem
742 539 871 591 summa,
898 521 952 601 (sic
976 521 1054 582 euim
1078 521 1211 600 censent)
1235 542 1303 585 cum

154 624 170 673 6
188 605 343 668 honestate
358 604 511 685 pugnabit.
546 603 620 666 Nam
642 605 691 666 ubi
706 607 837 683 primum
860 605 1038 684 prudentiae
1059 604 1143 668 locus
1165 606 1305 668 dabitur?

154 693 244 759 rdn,
269 697 302 751 ιιι
316 692 473 769 conquirat
495 688 625 766 undique
641 691 817 751 suavitates?
840 689 933 761 Quam
957 691 1047 750 miser
1070 691 1186 752 virtutis
1209 692 1303 753 lamu-

187 774 273 843 latus,
296 775 453 834 servientis
475 773 632 851 voluptati!
671 771 755 843 Quod
779 783 877 835 antem
902 793 1011 835 munus
1033 775 1228 854 prudentiae?
1257 779 1303 836 An
1399 806 1405 817 ·

188 861 287 935 legere
316 857 518 935 intelligenter
551 857 735 938 voluptates?
769 858 828 919 Fac
857 854 931 919 nihil
959 861 1016 919 isto
1040 877 1106 920 esse
1127 861 1303 921 iucundius:

153 943 257 1020 oquid
281 945 405 1020 cogitari
429 950 525 1021 potest
546 943 682 1022 turpius?
704 942 775 1011 lam,
800 944 851 1021 qui
871 942 1167 1004 doloremsummum
1191 944 1302 1005 malurn

187 1028 275 1095 dicat,
299 1026 377 1106 apud
401 1045 469 1087 eunt
493 1044 581 1103 quem
596 1026 686 1086 babet
700 1027 798 1087 locum
822 1027 974 1096 tortitudo,
999 1046 1076 1106 quae
1099 1037 1143 1089 est
1166 1027 1302 1089 dolorum

153 1111 383 1188 eleborumqne
411 1111 611 1190 contemptio?
640 1109 781 1181 Quamvis
808 1115 886 1171 enim
911 1110 1012 1172 multis
1033 1112 1107 1173 locis
1129 1113 1209 1174 dicat
1230 1113 1302 1192 Epi·

187 1214 295 1271 curus,
336 1197 425 1256 sicuti
458 1195 544 1262 dicit,
579 1196 649 1255 satis
683 1196 801 1256 lortiter
838 1195 875 1255 de
898 1194 1017 1255 dolore:
1053 1204 1151 1257 tamen
1182 1215 1243 1257 non
1271 1196 1302 1256 id

186 1281 381 1358 spectandum
405 1287 458 1357 est,
481 1278 551 1358 quid
575 1278 662 1348 dicat,
684 1279 736 1339 sed
760 1279 830 1359 quid
846 1288 1078 1341 consentaneum
1095 1282 1134 1342 sit
1149 1282 1177 1340 ei
1192 1282 1303 1350 dicere,

187 1367 238 1443 qui
253 1363 330 1424 bona
345 1364 496 1443 voluptate
511 1363 724 1433 terminaverit,
749 1362 824 1423 mala
841 1362 958 1424 dolore:
983 1371 1024 1431 ut,
1044 1367 1071 1425 si
1086 1363 1168 1425 illum
1184 1365 1302 1427 audiam

186 1449 223 1509 de
246 1450 430 1509 continentia
458 1457 486 1507 et
516 1450 726 1525 temperantia,
756 1447 826 1507 dicit
854 1445 904 1507 ille
933 1446 1054 1527 quidem
1087 1449 1178 1510 multa
1201 1448 1302 1511 multis

137 1544 169 1593 10
188 1531 271 1602 locis,
295 1532 347 1593 sed
372 1549 447 1609 aqua
471 1531 583 1601 haeret,
607 1544 639 1592 ut
654 1535 745 1592 aiunt.
783 1531 857 1592 Nam
878 1534 930 1611 qui
952 1539 1049 1613 potest
1072 1536 1302 1611 temperantiam

186 1616 310 1678 laudare
330 1617 374 1686 is,
404 1617 456 1695 qui
486 1625 575 1694 ponat
596 1634 744 1676 summum
768 1615 879 1676 bonum
902 1619 932 1676 in
956 1616 1125 1693 voluptate?
1147 1618 1199 1678 Est
1220 1621 1301 1679 enim

187 1701 382 1780 temperantia
412 1700 570 1761 libidinum
598 1701 736 1769 inimica,
770 1698 912 1760 libidines
946 1710 1045 1761 autem
1073 1705 1304 1763 consectatrices

136 1807 167 1854 11
189 1784 356 1861 voluptatis.
403 1781 475 1845 118.
500 1787 595 1860 Atque
623 1786 654 1843 in
682 1783 727 1842 bis
749 1792 849 1843 tamen
872 1784 969 1845 tribus
990 1784 1160 1862 generibus,
1185 1803 1303 1866 quoquo

136 1890 168 1938 12
189 1869 277 1928 modo
299 1876 436 1947 possunt,
462 1886 521 1928 non
546 1866 683 1928 incallide
707 1869 949 1944 tergiversantur.
993 1869 1184 1930 Prudentiam
1208 1872 1305 1931 intro·

188 1952 301 2013 ducunt
322 1954 479 2013 scientiam
502 1952 740 2031 suppeditantem
762 1953 935 2031 voluptates,
959 1952 1158 2032 depellentem
1173 1953 1301 2014 dolores.

190 2037 410 2098 Fortitudinem
434 2055 551 2117 quoque
574 2036 673 2114 aliquo
689 2036 777 2096 modo
793 2036 964 2115 expediunt,
988 2055 1055 2098 cum
1074 2037 1194 2099 tradunt
1209 2042 1301 2100 ratio·

136 2135 170 2184 13
190 2139 258 2181 nem
282 2120 475 2198 negligendae
501 2122 606 2181 mortis
634 2121 878 2201 perpetiendique
906 2122 1025 2182 doloris.
1070 2122 1166 2183 Etiam
1188 2131 1302 2202 tempe·

184 2207 311 2266 rantiam
340 2205 499 2274 inducunt,
530 2223 589 2266 non
605 2204 745 2266 facillime
767 2204 810 2265 illi
832 2204 961 2284 quidem,
985 2205 1036 2267 sed
1059 2213 1158 2267 tameo
1182 2224 1303 2286 quoquo

184 2290 273 2350 modo
301 2298 432 2369 possunt.
478 2287 587 2350 Dicunt
614 2291 706 2358 enirn,
735 2288 897 2366 -voluptatis
927 2289 1159 2368 magnitudinem
1189 2289 1302 2353 doloris

186 2471 262 2522 einer
280 2469 401 2522 solcheu.
418 2499 449 2508 -
468 2470 639 2533 Metrodoro,
658 2469 781 2538 Epiknrs
802 2469 1033 2537 vorudglicbstem
1047 2471 1171 2529 Scbdler.
1187 2501 1218 2510 —-
1237 2490 1302 2524 con·

184 2540 300 2603 tinctor,
312 2537 367 2604 vgl.
378 2537 417 2603 ΙΙ,
432 2537 474 2602 12,
485 2541 527 2592 11.
537 2565 570 2575 -
582 2539 721 2605 pependit
730 2537 759 2588 iu
770 2537 976 2604 Widersprucb,
984 2537 1013 2590 in
1024 2538 1157 2592 Collision
1169 2541 1303 2596 kommen.

253 2609 278 2661 6.
296 2606 373 2657 locos
392 2607 521 2665 debitum
540 2622 582 2657 wo
601 2604 671 2657 wird
684 2622 746 2658 man
758 2604 802 2657 ibr
814 2605 914 2670 Reum,
931 2605 957 2658 d.
972 2606 999 2657 b.
1012 2607 1203 2674 Gelegenbeit‚
1221 2607 1303 2674 Meg-

184 2671 300 2724 licblreit
317 2673 404 2740 geben
422 2672 481 2725 sich
499 2689 534 2724 zu
553 2671 672 2739 zeigen?
689 2698 723 2712 —
741 2675 801 2733 Arm
819 2672 873 2740 agl.
892 2673 917 2736 1,
935 2689 957 2725 c.
978 2678 1020 2728 15.
1039 2680 1064 2727 ὅ.
1083 2703 1114 2713 -
1132 2677 1301 2741 famulatur,

183 2741 329 2793 servientis
347 2757 404 2792 ivae
421 2740 467 2792 fiir
485 2740 546 2792 eine
562 2739 776 2807 Dienstberkeit,
797 2740 951 2800 crenudie
968 2741 1087 2809 Tugend
1100 2782 1128 2796 ..
1148 2771 1180 2781 -
1198 2760 1302 2796 munuc

182 2826 238 2861 was
256 2807 325 2860 wird
342 2807 403 2859 ibre
420 2807 556 2873 Laistung
572 2807 652 2860 sein?
669 2836 703 2845 —
721 2809 774 2860 isto
792 2824 912 2861 munere.

249 2879 276 2930 8.
295 2876 343 2943 qui
360 2904 393 2913 -
413 2877 490 2928 dicat
515 2875 560 2927 ein
585 2875 706 2942 celeber,
732 2874 796 2940 der;
824 2875 879 2942 rgl.
903 2894 926 2928 c.
947 2881 991 2942 31,
1008 2882 1039 2941 53
1069 2884 1155 2929 unten
1174 2880 1199 2940 S.
1217 2882 1233 2930 9
1252 2877 1301 2946 qni

182 2973 214 2980 -
233 2943 436 3007 terminaverim
460 2946 484 3006 S.
505 2947 537 2996 10
554 2942 588 3009 is,
606 2941 655 3023 qui
671 2946 704 2981 ’-
723 2948 819 3011 ponat.
838 2971 873 2981 -
890 2944 974 2996 sicuti
998 2945 1066 2996 dicit
1089 2943 1140 2997 wie
1161 2961 1192 2996 er
1214 2944 1300 2997 witk-

182 3010 236 3062 licb
258 3019 335 3077 sagt3
360 3010 422 3062 weil
445 3009 567 3078 quamvis
591 3010 668 3062 nrcbt
694 3017 780 3062 etwas
803 3009 843 3063 als
866 3009 1049 3091 tbatsdcblicb
1073 3011 1223 3075 clareant,
1250 3012 1303 3064 wie

181 3093 366 3196 ittuntur
384 3077 586 3213 ltltlult
599 3076 1132 3214 ‘ltbllltttbul,ttlttltt
1149 3082 1304 3203 diiii?

182 3211 246 3280 quid
265 3209 347 3272 dicat,
366 3212 432 3279 quid
449 3228 524 3266 cons.
546 3211 584 3264 sit
601 3210 784 3274 binweisend;
804 3211 859 3279 vgl.
878 3229 901 3264 c.
917 3217 960 3278 31,
975 3216 998 3266 7.
1017 3241 1052 3252 -
1069 3225 1300 3274 consentaneum

183 3279 235 3344 vgl.
254 3278 278 3342 Ι,
301 3295 326 3332 c.
344 3283 375 3341 2,
393 3283 417 3330 6.
438 3308 469 3318 -
495 3281 567 3331 bona
586 3309 618 3316 -
641 3281 717 3330 malo
734 3309 769 3318 —
791 3278 1008 3332 terminare‘die
1027 3280 1118 3333 Gdber
1140 3281 1196 3332 und
1215 3281 1300 3333 Uebel

182 3345 347 3411 abgrtiuzeo‚
366 3345 524 3398 bestimmen
544 3346 613 3398 nach
632 3354 733 3410 etwas3
752 3345 807 3413 vgl.
827 3363 888 3399 uuna
907 3347 970 3402 Abl.
990 3365 1013 3399 c.
1032 3353 1074 3410 21,
1093 3354 1110 3400 9
1127 3347 1253 3414 dirigere.
1266 3376 1298 3386 -

181 3421 214 3532 pt
226 3436 260 3456 =
277 3411 329 3465 wie
347 3429 372 3468 z.
391 3413 441 3476 B.;
460 3413 515 3480 agl.
534 3431 559 3468 c.
577 3418 619 3478 29,
640 3418 679 3466 16.
696 3442 730 3452 -
757 3431 833 3481 equo
850 3415 947 3467 laceret
969 3432 997 3466 es
1014 3416 1122 3481 stockt,
1146 3415 1202 3468 will
1221 3415 1300 3469 nicbt

203 3497 303 3534 resson.

250 3553 290 3603 10.
308 3548 456 3601 libidinum
476 3549 570 3609 inim.,·
596 3546 650 3614 vgl.
678 3550 761 3612 c.2b,
780 3553 820 3600 10.
848 3576 881 3585 -
906 3551 1131 3611 σοιιεοοιιιινίοει;
1159 3550 1225 3602 iiber
1250 3549 1296 3602 die

182 3614 362 3669 Substantias
380 3615 430 3668 aul
446 3633 478 3668 or
496 3615 550 3682 vgl.
569 3615 609 3681 11,
626 3632 649 3668 c.
668 3618 710 3680 14,
730 3619 771 3668 12.
790 3643 823 3653 -
841 3617 1002 3682 ponendum
1020 3616 1074 3683 vgl.
1090 3616 1114 3684 Ι,
1132 3634 1156 3670 c.
1176 3623 1203 3681 6,
1221 3623 1246 3671 3.
1264 3646 1299 3656 -

181 3701 238 3735 non
256 3683 402 3743 incallide;
420 3683 477 3751 vgl.
496 3684 532 3743 ll,
552 3688 594 3748 14,
612 3685 637 3738 8.
655 3710 688 3719 -
705 3683 929 3749 tergiversantur
945 3682 984 3736 sie
997 3683 1105 3737 minden
1118 3684 1177 3738 sicb
1190 3686 1297 3750 boreus,

181 3750 280 3802 nissen
294 3749 456 3804 dusflticbte
474 3768 509 3803 zu
529 3751 632 3804 finden.

249 3822 289 3869 12.
308 3818 494 3871 introducunt
506 3842 540 3862 ==
552 3819 673 3885 lingunt,
693 3816 792 3879 ldbpen
811 3816 918 3883 siccin,
936 3818 961 3870 d.
974 3819 1002 3871 b.
1015 3818 1114 3872 stellari
1131 3819 1171 3872 sie
1188 3818 1240 3872 dar
1258 3820 1298 3872 als

248 3913 281 3922 -
300 3885 409 3952 aliqum
428 3886 480 3952 vgl.
498 3885 522 3949 Ι,
541 3903 564 3940 c.
585 3892 625 3949 ll,
645 3890 669 3941 6.
681 3912 716 3922 -
728 3886 930 3953 οπροιίἱιιιιιιίο
948 3885 1047 3938 wissen
1066 3903 1099 3938 au
1118 3886 1296 3952 entwiclreln‚

181 3959 254 4004 trotz
273 3951 341 4003 oller
358 3951 570 4020 Sebwieriglteit
586 3951 763 4018 derzulegen.
781 3982 815 3990 -
833 3957 953 4006 tradunt
964 3976 998 3997 =
1009 3954 1125 4017 docent,
1150 3971 1209 4006 eam
1227 3971 1293 4007 ecee.

249 4025 289 4072 13.
309 4019 419 4079 Etiam
446 4019 501 4086 vgl.
521 4021 545 4087 l,
564 4023 649 4085 eid,
668 4025 691 4072 1.
711 4048 744 4058 -
767 4021 811 4071 illi
834 4022 958 4087 quidem
987 4038 1015 4072 es
1036 4022 1074 4074 ist
1094 4038 1170 4074 zwar
1191 4021 1237 4072 rur
1258 4020 1298 4073 aie

181 4086 259 4138 nicht
275 4103 347 4153 ganz
366 4084 457 4148 leicbt,
477 4087 532 4168 vgl.
551 4088 573 4152 Ι,
592 4105 615 4140 c.
637 4090 678 4151 18,
696 4092 721 4142 4.
739 4115 774 4124 -
791 4105 901 4155 quoquo
918 4090 998 4140 modo
1015 4096 1181 4156 portentae
1199 4094 1251 4153 gut
1268 4105 1297 4141 es

179 4153 259 4268 daem
283 4152 390 4222 quiqui=
405 4155 453 4207 bat
476 4171 529 4207 wre
552 4154 707 4223 quicunqne
735 4154 800 4221 (vgl.
826 4154 849 4219 Ι,
869 4172 892 4207 c.
912 4159 954 4219 14,
971 4158 1000 4219 4)
1018 4155 1047 4206 in
1066 4155 1115 4208 der
1133 4155 1217 4222 Regel
1236 4156 1296 4208 sein

204 4221 296 4273 erbum
316 4223 353 4284 (S.
374 4221 430 4290 11);
460 4239 513 4274 nur
540 4222 626 4275 selten
652 4221 727 4274 steht
753 4238 781 4274 ea
808 4221 1004 4289 adjectiviscb,
1031 4222 1086 4289 vgl.
1110 4239 1132 4274 e.
1157 4227 1245 4284 22,·5.
1263 4252 1297 4262 -
