<?xml version="1.0" encoding="UTF-8"?>
<!DOCTYPE html PUBLIC "-//W3C//DTD XHTML 1.0 Transitional//EN"
    "http://www.w3.org/TR/xhtml1/DTD/xhtml1-transitional.dtd">
<html xmlns="http://www.w3.org/1999/xhtml" xml:lang="en" lang="en">
 <head>
  <title>
</title>
<meta http-equiv="Content-Type" content="text/html;charset=utf-8" />
  <meta name='ocr-system' content='tesseract 3.04.00' />
  <meta name='ocr-capabilities' content='ocr_page ocr_carea ocr_par ocr_line ocrx_word'/>
</head>
<body>
  <div class='ocr_page' id='page_1' title='image "./deofficiislibri03cicegoog_0160.png"; bbox 0 0 2826 4748; ppageno 0'>
   <div class='ocr_carea' id='block_1_1' title="bbox 464 227 1208 315">
    <p class='ocr_par' dir='ltr' id='par_1_1' title="bbox 464 227 1208 315">
     <span class='ocr_line' id='line_1_1' title="bbox 464 227 1208 315; baseline 0.011 -8"><span class='ocrx_word' id='word_1_1' title='bbox 464 261 533 310; x_wconf 82' lang='lat' dir='ltr'><strong>ure.</strong></span> <span class='ocrx_word' id='word_1_2' title='bbox 556 262 606 310; x_wconf 87' lang='lat'><em>111.</em></span> <span class='ocrx_word' id='word_1_3' title='bbox 643 263 718 310; x_wconf 78' lang='lat' dir='ltr'><strong>cue.</strong></span> <span class='ocrx_word' id='word_1_4' title='bbox 742 263 776 310; x_wconf 85' lang='lat' dir='ltr'><strong>x.</strong></span> <span class='ocrx_word' id='word_1_5' title='bbox 799 266 847 311; x_wconf 86' lang='lat' dir='ltr'><strong>xr.</strong></span> <span class='ocrx_word' id='word_1_6' title='bbox 879 227 881 233; x_wconf 13' lang='grc' dir='ltr'><strong>Α</strong></span> <span class='ocrx_word' id='word_1_7' title='bbox 1148 252 1208 315; x_wconf 82' lang='grc'><strong>151</strong></span> 
     </span>
    </p>
   </div>
   <div class='ocr_carea' id='block_1_2' title="bbox 91 400 1279 2169">
    <p class='ocr_par' dir='ltr' id='par_1_2' title="bbox 91 400 1279 2169">
     <span class='ocr_line' id='line_1_2' title="bbox 97 400 1206 482; baseline 0.002 -18"><span class='ocrx_word' id='word_1_8' title='bbox 97 403 203 465; x_wconf 82' lang='lat' dir='ltr'><strong>velint:</strong></span> <span class='ocrx_word' id='word_1_9' title='bbox 234 421 290 464; x_wconf 92' lang='lat' dir='ltr'><strong>uon</strong></span> <span class='ocrx_word' id='word_1_10' title='bbox 322 403 471 463; x_wconf 74' lang='lat' dir='ltr'><strong>amicitiae</strong></span> <span class='ocrx_word' id='word_1_11' title='bbox 501 400 586 469; x_wconf 87' lang='lat' dir='ltr'><strong>tales,</strong></span> <span class='ocrx_word' id='word_1_12' title='bbox 623 402 675 462; x_wconf 89' lang='lat' dir='ltr'><strong>sed</strong></span> <span class='ocrx_word' id='word_1_13' title='bbox 704 404 922 463; x_wconf 88' lang='lat' dir='ltr'><strong>coniurationes</strong></span> <span class='ocrx_word' id='word_1_14' title='bbox 956 405 1104 482; x_wconf 90' lang='lat' dir='ltr'><strong>putandae</strong></span> <span class='ocrx_word' id='word_1_15' title='bbox 1137 407 1206 466; x_wconf 88' lang='lat' dir='ltr'><strong>sint.</strong></span> 
     </span>
     <span class='ocr_line' id='line_1_3' title="bbox 94 485 1259 569; baseline 0 -19"><span class='ocrx_word' id='word_1_16' title='bbox 94 487 149 553; x_wconf 79' lang='lat'><strong>45.</strong></span> <span class='ocrx_word' id='word_1_17' title='bbox 172 489 288 566; x_wconf 88' lang='lat' dir='ltr'><strong>Loquor</strong></span> <span class='ocrx_word' id='word_1_18' title='bbox 311 497 408 547; x_wconf 89' lang='lat' dir='ltr'><strong>autem</strong></span> <span class='ocrx_word' id='word_1_19' title='bbox 431 487 467 546; x_wconf 89' lang='lat' dir='ltr'><strong>de</strong></span> <span class='ocrx_word' id='word_1_20' title='bbox 483 485 689 546; x_wconf 88' lang='lat' dir='ltr'><strong>communibus</strong></span> <span class='ocrx_word' id='word_1_21' title='bbox 704 487 855 554; x_wconf 87' lang='lat' dir='ltr'><strong>amicitiis;</strong></span> <span class='ocrx_word' id='word_1_22' title='bbox 880 506 947 548; x_wconf 89' lang='lat' dir='ltr'><strong>nam</strong></span> <span class='ocrx_word' id='word_1_23' title='bbox 970 491 1001 550; x_wconf 93' lang='lat' dir='ltr'><strong>iu</strong></span> <span class='ocrx_word' id='word_1_24' title='bbox 1023 490 1207 569; x_wconf 81' lang='lat' dir='ltr'><strong>sapientibus</strong></span> <span class='ocrx_word' id='word_1_25' title='bbox 1226 499 1259 550; x_wconf 85' lang='lat'><strong>15</strong></span> 
     </span>
     <span class='ocr_line' id='line_1_4' title="bbox 99 568 1257 653; baseline 0.003 -23"><span class='ocrx_word' id='word_1_26' title='bbox 99 576 170 634; x_wconf 88' lang='lat' dir='ltr'><strong>viris</strong></span> <span class='ocrx_word' id='word_1_27' title='bbox 191 573 389 653; x_wconf 82' lang='lat' dir='ltr'><strong>perfectisque</strong></span> <span class='ocrx_word' id='word_1_28' title='bbox 412 568 484 631; x_wconf 92' lang='lat' dir='ltr'><strong>nibil</strong></span> <span class='ocrx_word' id='word_1_29' title='bbox 505 570 690 648; x_wconf 90' lang='lat' dir='ltr'><strong>potestesse</strong></span> <span class='ocrx_word' id='word_1_30' title='bbox 713 571 780 631; x_wconf 91' lang='lat' dir='ltr'><strong>tale.</strong></span> <span class='ocrx_word' id='word_1_31' title='bbox 818 572 979 634; x_wconf 81' lang='lat' dir='ltr'><strong>Damonem</strong></span> <span class='ocrx_word' id='word_1_32' title='bbox 1002 584 1032 635; x_wconf 92' lang='lat' dir='ltr'><strong>et</strong></span> <span class='ocrx_word' id='word_1_33' title='bbox 1047 575 1203 644; x_wconf 84' lang='lat' dir='ltr'><strong>Phintiam,</strong></span> <span class='ocrx_word' id='word_1_34' title='bbox 1225 585 1257 634; x_wconf 79' lang='lat'><strong>16</strong></span> 
     </span>
     <span class='ocr_line' id='line_1_5' title="bbox 95 655 1204 736; baseline 0 -17"><span class='ocrx_word' id='word_1_35' title='bbox 95 657 310 736; x_wconf 80' lang='lat' dir='ltr'><strong>Pythagoreos,</strong></span> <span class='ocrx_word' id='word_1_36' title='bbox 333 658 433 717; x_wconf 91' lang='lat' dir='ltr'><strong>lerunt</strong></span> <span class='ocrx_word' id='word_1_37' title='bbox 455 655 512 715; x_wconf 93' lang='lat' dir='ltr'><strong>hoc</strong></span> <span class='ocrx_word' id='word_1_38' title='bbox 536 657 635 715; x_wconf 92' lang='lat' dir='ltr'><strong>animo</strong></span> <span class='ocrx_word' id='word_1_39' title='bbox 657 657 736 715; x_wconf 89' lang='lat' dir='ltr'><strong>inter</strong></span> <span class='ocrx_word' id='word_1_40' title='bbox 759 674 791 715; x_wconf 93' lang='lat' dir='ltr'><strong>se</strong></span> <span class='ocrx_word' id='word_1_41' title='bbox 813 657 914 725; x_wconf 90' lang='lat' dir='ltr'><strong>luisse,</strong></span> <span class='ocrx_word' id='word_1_42' title='bbox 938 668 980 726; x_wconf 87' lang='lat' dir='ltr'><strong>ut,</strong></span> <span class='ocrx_word' id='word_1_43' title='bbox 1010 677 1076 719; x_wconf 89' lang='lat' dir='ltr'><strong>curn</strong></span> <span class='ocrx_word' id='word_1_44' title='bbox 1100 678 1204 720; x_wconf 91' lang='lat' dir='ltr'><strong>eorum</strong></span> 
     </span>
     <span class='ocr_line' id='line_1_6' title="bbox 91 739 1204 822; baseline 0.002 -20"><span class='ocrx_word' id='word_1_45' title='bbox 91 741 185 803; x_wconf 87' lang='lat' dir='ltr'><strong>alteri</strong></span> <span class='ocrx_word' id='word_1_46' title='bbox 211 742 367 821; x_wconf 78' lang='lat' dir='ltr'><strong>Dionysius</strong></span> <span class='ocrx_word' id='word_1_47' title='bbox 396 748 538 818; x_wconf 83' lang='lat' dir='ltr'><strong>tyrannus</strong></span> <span class='ocrx_word' id='word_1_48' title='bbox 566 739 645 800; x_wconf 92' lang='lat' dir='ltr'><strong>diem</strong></span> <span class='ocrx_word' id='word_1_49' title='bbox 677 742 757 801; x_wconf 88' lang='lat' dir='ltr'><strong>necis</strong></span> <span class='ocrx_word' id='word_1_50' title='bbox 785 740 1006 819; x_wconf 80' lang='lat' dir='ltr'><strong>destinavisset,</strong></span> <span class='ocrx_word' id='word_1_51' title='bbox 1039 747 1129 813; x_wconf 91' lang='lat' dir='ltr'><strong>etis,</strong></span> <span class='ocrx_word' id='word_1_52' title='bbox 1154 746 1204 822; x_wconf 92' lang='lat' dir='ltr'><strong>qui</strong></span> 
     </span>
     <span class='ocr_line' id='line_1_7' title="bbox 92 824 1204 904; baseline 0.001 -17"><span class='ocrx_word' id='word_1_53' title='bbox 92 828 186 887; x_wconf 58' lang='lat' dir='ltr'><strong>«morti</strong></span> <span class='ocrx_word' id='word_1_54' title='bbox 208 826 343 886; x_wconf 87' lang='lat' dir='ltr'><strong>addictus</strong></span> <span class='ocrx_word' id='word_1_55' title='bbox 365 832 450 894; x_wconf 89' lang='lat' dir='ltr'><strong>esset,</strong></span> <span class='ocrx_word' id='word_1_56' title='bbox 474 842 583 904; x_wconf 88' lang='lat' dir='ltr'><strong>paucos</strong></span> <span class='ocrx_word' id='word_1_57' title='bbox 605 824 662 884; x_wconf 94' lang='lat' dir='ltr'><strong>sihi</strong></span> <span class='ocrx_word' id='word_1_58' title='bbox 679 824 741 884; x_wconf 92' lang='lat' dir='ltr'><strong>dies</strong></span> <span class='ocrx_word' id='word_1_59' title='bbox 756 827 1059 888; x_wconf 87' lang='lat' dir='ltr'><strong>commendandorum</strong></span> <span class='ocrx_word' id='word_1_60' title='bbox 1082 846 1204 888; x_wconf 89' lang='lat' dir='ltr'><strong>suorum</strong></span> 
     </span>
     <span class='ocr_line' id='line_1_8' title="bbox 96 907 1279 990; baseline 0 -18"><span class='ocrx_word' id='word_1_61' title='bbox 96 930 186 972; x_wconf 90' lang='lat' dir='ltr'><strong>causa</strong></span> <span class='ocrx_word' id='word_1_62' title='bbox 208 910 426 990; x_wconf 84' lang='lat' dir='ltr'><strong>postulavisset:</strong></span> <span class='ocrx_word' id='word_1_63' title='bbox 455 927 504 969; x_wconf 88' lang='lat' dir='ltr'><strong>vas</strong></span> <span class='ocrx_word' id='word_1_64' title='bbox 527 910 621 969; x_wconf 87' lang='lat' dir='ltr'><strong>lactus</strong></span> <span class='ocrx_word' id='word_1_65' title='bbox 644 918 688 969; x_wconf 88' lang='lat' dir='ltr'><strong>est</strong></span> <span class='ocrx_word' id='word_1_66' title='bbox 710 907 784 968; x_wconf 90' lang='lat' dir='ltr'><strong>alter</strong></span> <span class='ocrx_word' id='word_1_67' title='bbox 807 912 870 971; x_wconf 91' lang='lat' dir='ltr'><strong>eius</strong></span> <span class='ocrx_word' id='word_1_68' title='bbox 888 912 1020 979; x_wconf 86' lang='lat' dir='ltr'><strong>sistendi,</strong></span> <span class='ocrx_word' id='word_1_69' title='bbox 1051 921 1092 980; x_wconf 91' lang='lat' dir='ltr'><strong>ut,</strong></span> <span class='ocrx_word' id='word_1_70' title='bbox 1115 915 1140 972; x_wconf 95' lang='lat' dir='ltr'><strong>si</strong></span> <span class='ocrx_word' id='word_1_71' title='bbox 1155 911 1204 972; x_wconf 94' lang='lat' dir='ltr'><strong>ille</strong></span> <span class='ocrx_word' id='word_1_72' title='bbox 1276 942 1279 948; x_wconf 94' lang='lat'>·</span> 
     </span>
     <span class='ocr_line' id='line_1_9' title="bbox 97 992 1253 1072; baseline -0.001 -16"><span class='ocrx_word' id='word_1_73' title='bbox 97 1014 157 1056; x_wconf 91' lang='lat' dir='ltr'><strong>nou</strong></span> <span class='ocrx_word' id='word_1_74' title='bbox 184 997 366 1063; x_wconf 84' lang='lat' dir='ltr'><strong>revertisset,</strong></span> <span class='ocrx_word' id='word_1_75' title='bbox 395 992 582 1053; x_wconf 89' lang='lat' dir='ltr'><strong>moriendum</strong></span> <span class='ocrx_word' id='word_1_76' title='bbox 611 1002 690 1053; x_wconf 88' lang='lat' dir='ltr'><strong>esset</strong></span> <span class='ocrx_word' id='word_1_77' title='bbox 716 995 781 1072; x_wconf 89' lang='lat' dir='ltr'><strong>ipsi.</strong></span> <span class='ocrx_word' id='word_1_78' title='bbox 827 994 883 1065; x_wconf 84' lang='lat' dir='ltr'><strong>Qui</strong></span> <span class='ocrx_word' id='word_1_79' title='bbox 912 1014 980 1056; x_wconf 91' lang='lat' dir='ltr'><strong>cum</strong></span> <span class='ocrx_word' id='word_1_80' title='bbox 1011 995 1046 1056; x_wconf 93' lang='lat' dir='ltr'><strong>ad</strong></span> <span class='ocrx_word' id='word_1_81' title='bbox 1069 996 1147 1057; x_wconf 89' lang='lat' dir='ltr'><strong>diem</strong></span> <span class='ocrx_word' id='word_1_82' title='bbox 1170 1017 1202 1057; x_wconf 90' lang='lat' dir='ltr'><strong>se</strong></span> <span class='ocrx_word' id='word_1_83' title='bbox 1222 1008 1253 1055; x_wconf 79' lang='lat'><strong>17</strong></span> 
     </span>
     <span class='ocr_line' id='line_1_10' title="bbox 95 1077 1205 1159; baseline -0.001 -19"><span class='ocrx_word' id='word_1_84' title='bbox 95 1081 272 1159; x_wconf 88' lang='lat' dir='ltr'><strong>recepisset,</strong></span> <span class='ocrx_word' id='word_1_85' title='bbox 305 1078 465 1139; x_wconf 85' lang='lat' dir='ltr'><strong>admiratus</strong></span> <span class='ocrx_word' id='word_1_86' title='bbox 494 1096 597 1138; x_wconf 91' lang='lat' dir='ltr'><strong>eorum</strong></span> <span class='ocrx_word' id='word_1_87' title='bbox 625 1077 712 1138; x_wconf 85' lang='lat' dir='ltr'><strong>iidem</strong></span> <span class='ocrx_word' id='word_1_88' title='bbox 736 1087 894 1157; x_wconf 81' lang='lat' dir='ltr'><strong>tyrannus,</strong></span> <span class='ocrx_word' id='word_1_89' title='bbox 922 1082 1034 1158; x_wconf 90' lang='lat' dir='ltr'><strong>petivit,</strong></span> <span class='ocrx_word' id='word_1_90' title='bbox 1059 1091 1089 1141; x_wconf 89' lang='lat' dir='ltr'><strong>ut</strong></span> <span class='ocrx_word' id='word_1_91' title='bbox 1114 1100 1145 1141; x_wconf 89' lang='lat' dir='ltr'><strong>se</strong></span> <span class='ocrx_word' id='word_1_92' title='bbox 1168 1080 1205 1142; x_wconf 84' lang='lat' dir='ltr'><strong>arl</strong></span> 
     </span>
     <span class='ocr_line' id='line_1_11' title="bbox 98 1159 1255 1244; baseline 0.001 -20"><span class='ocrx_word' id='word_1_93' title='bbox 98 1165 254 1243; x_wconf 81' lang='lat' dir='ltr'><strong>amicitiam</strong></span> <span class='ocrx_word' id='word_1_94' title='bbox 283 1164 404 1223; x_wconf 88' lang='lat' dir='ltr'><strong>tertium</strong></span> <span class='ocrx_word' id='word_1_95' title='bbox 428 1161 642 1223; x_wconf 77' lang='lat' dir='ltr'><strong>adscriberent.</strong></span> <span class='ocrx_word' id='word_1_96' title='bbox 686 1159 735 1223; x_wconf 85' lang='lat'><strong>46.</strong></span> <span class='ocrx_word' id='word_1_97' title='bbox 759 1161 830 1223; x_wconf 86' lang='lat' dir='ltr'><strong>Cum</strong></span> <span class='ocrx_word' id='word_1_98' title='bbox 854 1167 948 1241; x_wconf 85' lang='lat' dir='ltr'><strong>igitur</strong></span> <span class='ocrx_word' id='word_1_99' title='bbox 969 1165 1008 1233; x_wconf 92' lang='lat' dir='ltr'><strong>id,</strong></span> <span class='ocrx_word' id='word_1_100' title='bbox 1033 1165 1109 1244; x_wconf 90' lang='lat' dir='ltr'><strong>quod</strong></span> <span class='ocrx_word' id='word_1_101' title='bbox 1134 1165 1204 1226; x_wconf 89' lang='lat' dir='ltr'><strong>utile</strong></span> <span class='ocrx_word' id='word_1_102' title='bbox 1222 1175 1255 1225; x_wconf 81' lang='grc'><strong>18</strong></span> 
     </span>
     <span class='ocr_line' id='line_1_12' title="bbox 97 1246 1203 1328; baseline 0.004 -21"><span class='ocrx_word' id='word_1_103' title='bbox 97 1248 223 1318; x_wconf 87' lang='lat' dir='ltr'><strong>ridetur,</strong></span> <span class='ocrx_word' id='word_1_104' title='bbox 253 1250 283 1306; x_wconf 97' lang='lat' dir='ltr'><strong>in</strong></span> <span class='ocrx_word' id='word_1_105' title='bbox 310 1248 436 1308; x_wconf 88' lang='lat' dir='ltr'><strong>amicitia</strong></span> <span class='ocrx_word' id='word_1_106' title='bbox 465 1265 532 1307; x_wconf 90' lang='lat' dir='ltr'><strong>eum</strong></span> <span class='ocrx_word' id='word_1_107' title='bbox 561 1264 611 1316; x_wconf 90' lang='lat' dir='ltr'><strong>eo,</strong></span> <span class='ocrx_word' id='word_1_108' title='bbox 641 1246 718 1324; x_wconf 91' lang='lat' dir='ltr'><strong>quod</strong></span> <span class='ocrx_word' id='word_1_109' title='bbox 740 1247 896 1308; x_wconf 91' lang='lat' dir='ltr'><strong>honestum</strong></span> <span class='ocrx_word' id='word_1_110' title='bbox 921 1257 975 1319; x_wconf 88' lang='lat' dir='ltr'><strong>est,</strong></span> <span class='ocrx_word' id='word_1_111' title='bbox 1007 1257 1203 1328; x_wconf 89' lang='lat' dir='ltr'><strong>comparatur,</strong></span> 
     </span>
     <span class='ocr_line' id='line_1_13' title="bbox 96 1330 1256 1410; baseline 0 -16"><span class='ocrx_word' id='word_1_112' title='bbox 96 1337 192 1394; x_wconf 87' lang='lat' dir='ltr'><strong>iaceat</strong></span> <span class='ocrx_word' id='word_1_113' title='bbox 214 1332 345 1393; x_wconf 85' lang='lat' dir='ltr'><strong>utilitatis</strong></span> <span class='ocrx_word' id='word_1_114' title='bbox 367 1335 491 1410; x_wconf 88' lang='lat' dir='ltr'><strong>species,</strong></span> <span class='ocrx_word' id='word_1_115' title='bbox 517 1331 609 1390; x_wconf 88' lang='lat' dir='ltr'><strong>valeat</strong></span> <span class='ocrx_word' id='word_1_116' title='bbox 631 1330 777 1391; x_wconf 89' lang='lat' dir='ltr'><strong>honestas.</strong></span> <span class='ocrx_word' id='word_1_117' title='bbox 807 1331 879 1392; x_wconf 86' lang='lat' dir='ltr'><strong>Cum</strong></span> <span class='ocrx_word' id='word_1_118' title='bbox 903 1343 1000 1395; x_wconf 87' lang='lat' dir='ltr'><strong>autern</strong></span> <span class='ocrx_word' id='word_1_119' title='bbox 1023 1335 1051 1393; x_wconf 95' lang='lat' dir='ltr'><strong>in</strong></span> <span class='ocrx_word' id='word_1_120' title='bbox 1075 1337 1203 1404; x_wconf 88' lang='lat' dir='ltr'><strong>amicita,</strong></span> <span class='ocrx_word' id='word_1_121' title='bbox 1226 1356 1256 1403; x_wconf 85' lang='lat'><strong>19</strong></span> 
     </span>
     <span class='ocr_line' id='line_1_14' title="bbox 95 1413 1205 1498; baseline 0.002 -20"><span class='ocrx_word' id='word_1_122' title='bbox 95 1436 172 1496; x_wconf 89' lang='lat' dir='ltr'><strong>quae</strong></span> <span class='ocrx_word' id='word_1_123' title='bbox 196 1419 318 1477; x_wconf 91' lang='lat' dir='ltr'><strong>honesta</strong></span> <span class='ocrx_word' id='word_1_124' title='bbox 342 1433 400 1475; x_wconf 91' lang='lat' dir='ltr'><strong>non</strong></span> <span class='ocrx_word' id='word_1_125' title='bbox 416 1424 494 1485; x_wconf 87' lang='lat' dir='ltr'><strong>sunt,</strong></span> <span class='ocrx_word' id='word_1_126' title='bbox 518 1413 752 1492; x_wconf 86' lang='lat' dir='ltr'><strong>postulabuntur,</strong></span> <span class='ocrx_word' id='word_1_127' title='bbox 777 1416 879 1493; x_wconf 83' lang='lat' dir='ltr'><strong>religio</strong></span> <span class='ocrx_word' id='word_1_128' title='bbox 896 1427 927 1478; x_wconf 87' lang='lat' dir='ltr'><strong>et</strong></span> <span class='ocrx_word' id='word_1_129' title='bbox 947 1418 1021 1479; x_wconf 90' lang='lat' dir='ltr'><strong>fides</strong></span> <span class='ocrx_word' id='word_1_130' title='bbox 1043 1428 1205 1498; x_wconf 91' lang='lat' dir='ltr'><strong>antepona-</strong></span> 
     </span>
     <span class='ocr_line' id='line_1_15' title="bbox 93 1499 1204 1580; baseline 0.002 -19"><span class='ocrx_word' id='word_1_131' title='bbox 93 1511 146 1561; x_wconf 87' lang='lat' dir='ltr'><strong>tur</strong></span> <span class='ocrx_word' id='word_1_132' title='bbox 162 1503 319 1580; x_wconf 88' lang='lat' dir='ltr'><strong>amicitiae.</strong></span> <span class='ocrx_word' id='word_1_133' title='bbox 358 1500 405 1562; x_wconf 87' lang='lat' dir='ltr'><strong>Sic</strong></span> <span class='ocrx_word' id='word_1_134' title='bbox 421 1499 579 1560; x_wconf 90' lang='lat' dir='ltr'><strong>habebitur</strong></span> <span class='ocrx_word' id='word_1_135' title='bbox 594 1501 629 1569; x_wconf 85' lang='lat' dir='ltr'><strong>is,</strong></span> <span class='ocrx_word' id='word_1_136' title='bbox 650 1516 737 1576; x_wconf 91' lang='lat' dir='ltr'><strong>quem</strong></span> <span class='ocrx_word' id='word_1_137' title='bbox 753 1503 942 1579; x_wconf 84' lang='lat' dir='ltr'><strong>exquirimus,</strong></span> <span class='ocrx_word' id='word_1_138' title='bbox 960 1503 1092 1563; x_wconf 86' lang='lat' dir='ltr'><strong>delectus</strong></span> <span class='ocrx_word' id='word_1_139' title='bbox 1106 1502 1204 1563; x_wconf 86' lang='lat' dir='ltr'><strong>cilicii.</strong></span> 
     </span>
     <span class='ocr_line' id='line_1_16' title="bbox 182 1583 1254 1666; baseline 0.002 -20"><span class='ocrx_word' id='word_1_140' title='bbox 182 1586 239 1646; x_wconf 87' lang='lat' dir='ltr'><strong>Sed</strong></span> <span class='ocrx_word' id='word_1_141' title='bbox 268 1585 401 1645; x_wconf 84' lang='lat' dir='ltr'><strong>utilitatis</strong></span> <span class='ocrx_word' id='word_1_142' title='bbox 428 1585 525 1663; x_wconf 89' lang='lat' dir='ltr'><strong>specie</strong></span> <span class='ocrx_word' id='word_1_143' title='bbox 553 1587 584 1644; x_wconf 93' lang='lat' dir='ltr'><strong>iu</strong></span> <span class='ocrx_word' id='word_1_144' title='bbox 611 1602 650 1643; x_wconf 89' lang='lat' dir='ltr'><strong>re</strong></span> <span class='ocrx_word' id='word_1_145' title='bbox 678 1584 829 1663; x_wconf 89' lang='lat' dir='ltr'><strong>publiea</strong></span> <span class='ocrx_word' id='word_1_146' title='bbox 857 1589 1028 1666; x_wconf 87' lang='lat' dir='ltr'><strong>saepissime</strong></span> <span class='ocrx_word' id='word_1_147' title='bbox 1051 1596 1201 1665; x_wconf 90' lang='lat' dir='ltr'><strong>peccatur,</strong></span> <span class='ocrx_word' id='word_1_148' title='bbox 1217 1583 1254 1648; x_wconf 90' lang='lat'><strong>11</strong></span> 
     </span>
     <span class='ocr_line' id='line_1_17' title="bbox 92 1667 1206 1741; baseline 0.002 -11"><span class='ocrx_word' id='word_1_149' title='bbox 92 1679 128 1730; x_wconf 84' lang='lat' dir='ltr'><strong>ut</strong></span> <span class='ocrx_word' id='word_1_150' title='bbox 155 1671 186 1731; x_wconf 93' lang='lat' dir='ltr'><strong>iu</strong></span> <span class='ocrx_word' id='word_1_151' title='bbox 209 1667 343 1732; x_wconf 86' lang='lat' dir='ltr'><strong>Corinthi</strong></span> <span class='ocrx_word' id='word_1_152' title='bbox 366 1668 579 1729; x_wconf 89' lang='lat' dir='ltr'><strong>disturbatione</strong></span> <span class='ocrx_word' id='word_1_153' title='bbox 610 1670 714 1728; x_wconf 90' lang='lat' dir='ltr'><strong>nostri.</strong></span> <span class='ocrx_word' id='word_1_154' title='bbox 760 1669 869 1730; x_wconf 88' lang='lat' dir='ltr'><strong>Durius</strong></span> <span class='ocrx_word' id='word_1_155' title='bbox 891 1674 980 1732; x_wconf 90' lang='lat' dir='ltr'><strong>etiam</strong></span> <span class='ocrx_word' id='word_1_156' title='bbox 1002 1671 1206 1741; x_wconf 78' lang='lat' dir='ltr'><strong>Athenienses,</strong></span> 
     </span>
     <span class='ocr_line' id='line_1_18' title="bbox 95 1753 1206 1836; baseline 0.006 -26"><span class='ocrx_word' id='word_1_157' title='bbox 95 1756 146 1831; x_wconf 87' lang='lat' dir='ltr'><strong>qui</strong></span> <span class='ocrx_word' id='word_1_158' title='bbox 167 1753 325 1823; x_wconf 68' lang='lat' dir='ltr'><strong>sciverunf,</strong></span> <span class='ocrx_word' id='word_1_159' title='bbox 347 1761 379 1813; x_wconf 93' lang='lat' dir='ltr'><strong>ut</strong></span> <span class='ocrx_word' id='word_1_160' title='bbox 401 1754 566 1832; x_wconf 75' lang='lat' dir='ltr'><strong>Aeginetis,</strong></span> <span class='ocrx_word' id='word_1_161' title='bbox 590 1755 641 1831; x_wconf 93' lang='lat' dir='ltr'><strong>qui</strong></span> <span class='ocrx_word' id='word_1_162' title='bbox 663 1753 755 1813; x_wconf 91' lang='lat' dir='ltr'><strong>classe</strong></span> <span class='ocrx_word' id='word_1_163' title='bbox 778 1753 921 1824; x_wconf 88' lang='lat' dir='ltr'><strong>valebant,</strong></span> <span class='ocrx_word' id='word_1_164' title='bbox 945 1756 1067 1835; x_wconf 90' lang='lat' dir='ltr'><strong>pollices</strong></span> <span class='ocrx_word' id='word_1_165' title='bbox 1090 1759 1206 1836; x_wconf 88' lang='lat' dir='ltr'><strong>praeci·</strong></span> 
     </span>
     <span class='ocr_line' id='line_1_19' title="bbox 94 1838 1240 1921; baseline 0.001 -23"><span class='ocrx_word' id='word_1_166' title='bbox 94 1840 254 1908; x_wconf 88' lang='lat' dir='ltr'><strong>derentur;</strong></span> <span class='ocrx_word' id='word_1_167' title='bbox 283 1839 340 1898; x_wconf 90' lang='lat' dir='ltr'><strong>hoc</strong></span> <span class='ocrx_word' id='word_1_168' title='bbox 366 1839 458 1897; x_wconf 85' lang='lat' dir='ltr'><strong>visum</strong></span> <span class='ocrx_word' id='word_1_169' title='bbox 483 1845 527 1898; x_wconf 90' lang='lat' dir='ltr'><strong>est</strong></span> <span class='ocrx_word' id='word_1_170' title='bbox 556 1838 642 1907; x_wconf 92' lang='lat' dir='ltr'><strong>utile;</strong></span> <span class='ocrx_word' id='word_1_171' title='bbox 673 1839 760 1898; x_wconf 89' lang='lat' dir='ltr'><strong>nimis</strong></span> <span class='ocrx_word' id='word_1_172' title='bbox 788 1841 866 1899; x_wconf 88' lang='lat' dir='ltr'><strong>enim</strong></span> <span class='ocrx_word' id='word_1_173' title='bbox 890 1841 1063 1901; x_wconf 90' lang='lat' dir='ltr'><strong>imminebat</strong></span> <span class='ocrx_word' id='word_1_174' title='bbox 1084 1849 1240 1921; x_wconf 80' lang='lat' dir='ltr'><strong>proptera</strong></span> 
     </span>
     <span class='ocr_line' id='line_1_20' title="bbox 92 1921 1206 2002; baseline 0.004 -20"><span class='ocrx_word' id='word_1_175' title='bbox 92 1926 348 2002; x_wconf 88' lang='lat' dir='ltr'><strong>propinquitatem</strong></span> <span class='ocrx_word' id='word_1_176' title='bbox 369 1925 479 2000; x_wconf 79' lang='lat' dir='ltr'><strong>Aegina</strong></span> <span class='ocrx_word' id='word_1_177' title='bbox 504 1922 634 1981; x_wconf 87' lang='lat' dir='ltr'><strong>Piraeeo.</strong></span> <span class='ocrx_word' id='word_1_178' title='bbox 673 1921 729 1981; x_wconf 91' lang='lat' dir='ltr'><strong>Sed</strong></span> <span class='ocrx_word' id='word_1_179' title='bbox 754 1922 838 1990; x_wconf 87' lang='lat' dir='ltr'><strong>nihil,</strong></span> <span class='ocrx_word' id='word_1_180' title='bbox 862 1924 939 2002; x_wconf 91' lang='lat' dir='ltr'><strong>quod</strong></span> <span class='ocrx_word' id='word_1_181' title='bbox 964 1924 1092 1992; x_wconf 89' lang='lat' dir='ltr'><strong>crudele,</strong></span> <span class='ocrx_word' id='word_1_182' title='bbox 1116 1923 1206 1986; x_wconf 88' lang='lat' dir='ltr'><strong>utile:</strong></span> 
     </span>
     <span class='ocr_line' id='line_1_21' title="bbox 95 2006 1207 2084; baseline 0.002 -18"><span class='ocrx_word' id='word_1_183' title='bbox 95 2015 139 2067; x_wconf 89' lang='lat' dir='ltr'><strong>est</strong></span> <span class='ocrx_word' id='word_1_184' title='bbox 165 2007 243 2066; x_wconf 92' lang='lat' dir='ltr'><strong>enim</strong></span> <span class='ocrx_word' id='word_1_185' title='bbox 267 2006 419 2065; x_wconf 90' lang='lat' dir='ltr'><strong>bominum</strong></span> <span class='ocrx_word' id='word_1_186' title='bbox 443 2013 576 2072; x_wconf 89' lang='lat' dir='ltr'><strong>naturae,</strong></span> <span class='ocrx_word' id='word_1_187' title='bbox 595 2023 693 2084; x_wconf 76' lang='lat' dir='ltr'><strong>,quarn</strong></span> <span class='ocrx_word' id='word_1_188' title='bbox 721 2007 807 2082; x_wconf 88' lang='lat' dir='ltr'><strong>sequi</strong></span> <span class='ocrx_word' id='word_1_189' title='bbox 829 2006 978 2076; x_wconf 86' lang='lat' dir='ltr'><strong>debemus,</strong></span> <span class='ocrx_word' id='word_1_190' title='bbox 1003 2011 1131 2069; x_wconf 84' lang='lat' dir='ltr'><strong>maxime</strong></span> <span class='ocrx_word' id='word_1_191' title='bbox 1154 2011 1207 2068; x_wconf 90' lang='lat' dir='ltr'><strong>ini-</strong></span> 
     </span>
     <span class='ocr_line' id='line_1_22' title="bbox 96 2086 1242 2169; baseline 0.002 -19"><span class='ocrx_word' id='word_1_192' title='bbox 96 2093 171 2152; x_wconf 89' lang='lat' dir='ltr'><strong>mica</strong></span> <span class='ocrx_word' id='word_1_193' title='bbox 199 2089 367 2151; x_wconf 82' lang='lat' dir='ltr'><strong>erudelitas</strong></span> <span class='ocrx_word' id='word_1_194' title='bbox 413 2086 463 2150; x_wconf 80' lang='lat'><strong>47.</strong></span> <span class='ocrx_word' id='word_1_195' title='bbox 493 2089 567 2149; x_wconf 88' lang='lat' dir='ltr'><strong>Male</strong></span> <span class='ocrx_word' id='word_1_196' title='bbox 596 2091 698 2158; x_wconf 91' lang='lat' dir='ltr'><strong>etiarn,</strong></span> <span class='ocrx_word' id='word_1_197' title='bbox 735 2093 784 2168; x_wconf 91' lang='lat' dir='ltr'><strong>qui</strong></span> <span class='ocrx_word' id='word_1_198' title='bbox 814 2093 989 2169; x_wconf 82' lang='lat' dir='ltr'><strong>peregrinos</strong></span> <span class='ocrx_word' id='word_1_199' title='bbox 1018 2091 1141 2153; x_wconf 88' lang='lat' dir='ltr'><strong>urbibus</strong></span> <span class='ocrx_word' id='word_1_200' title='bbox 1164 2094 1242 2153; x_wconf 87' lang='lat' dir='ltr'><strong>uti3</strong></span> 
     </span>
    </p>
   </div>
   <div class='ocr_carea' id='block_1_3' title="bbox 91 2277 1209 3518">
    <p class='ocr_par' dir='ltr' id='par_1_3' title="bbox 91 2277 1208 2575">
     <span class='ocr_line' id='line_1_23' title="bbox 91 2277 1208 2375; baseline 0.002 -16"><span class='ocrx_word' id='word_1_201' title='bbox 91 2277 244 2374; x_wconf 75' lang='lat' dir='ltr'><strong>eigentlic&#39;h</strong></span> <span class='ocrx_word' id='word_1_202' title='bbox 262 2306 320 2359; x_wconf 85' lang='lat' dir='ltr'><strong>sich</strong></span> <span class='ocrx_word' id='word_1_203' title='bbox 339 2304 377 2357; x_wconf 83' lang='lat' dir='ltr'><strong>uls</strong></span> <span class='ocrx_word' id='word_1_204' title='bbox 396 2305 534 2371; x_wconf 82' lang='lat' dir='ltr'><strong>unrichtig</strong></span> <span class='ocrx_word' id='word_1_205' title='bbox 551 2305 638 2358; x_wconf 85' lang='lat' dir='ltr'><strong>daher</strong></span> <span class='ocrx_word' id='word_1_206' title='bbox 655 2306 736 2358; x_wconf 85' lang='lat' dir='ltr'><strong>irreel</strong></span> <span class='ocrx_word' id='word_1_207' title='bbox 753 2306 887 2358; x_wconf 82' lang='lat' dir='ltr'><strong>daretelli.</strong></span> <span class='ocrx_word' id='word_1_208' title='bbox 906 2337 939 2344; x_wconf 98' lang='lat'><strong>—</strong></span> <span class='ocrx_word' id='word_1_209' title='bbox 959 2311 1027 2360; x_wconf 81' lang='lat' dir='ltr'><strong>tales</strong></span> <span class='ocrx_word' id='word_1_210' title='bbox 1045 2308 1082 2361; x_wconf 81' lang='lat' dir='ltr'><strong>ist</strong></span> <span class='ocrx_word' id='word_1_211' title='bbox 1100 2309 1208 2375; x_wconf 74' lang='lat' dir='ltr'><strong>cigent—</strong></span> 
     </span>
     <span class='ocr_line' id='line_1_24' title="bbox 93 2372 1207 2442; baseline -0.001 -14"><span class='ocrx_word' id='word_1_212' title='bbox 93 2377 151 2428; x_wconf 91' lang='lat' dir='ltr'><strong>lich</strong></span> <span class='ocrx_word' id='word_1_213' title='bbox 168 2376 284 2442; x_wconf 86' lang='lat' dir='ltr'><strong>Subjeet</strong></span> <span class='ocrx_word' id='word_1_214' title='bbox 302 2372 403 2439; x_wconf 79' lang='lat' dir='ltr'><strong>(talia),</strong></span> <span class='ocrx_word' id='word_1_215' title='bbox 421 2373 487 2425; x_wconf 84' lang='lat' dir='ltr'><strong>aber</strong></span> <span class='ocrx_word' id='word_1_216' title='bbox 504 2390 538 2424; x_wconf 85' lang='lat' dir='ltr'><strong>au</strong></span> <span class='ocrx_word' id='word_1_217' title='bbox 558 2373 606 2424; x_wconf 84' lang='lat' dir='ltr'><strong>das</strong></span> <span class='ocrx_word' id='word_1_218' title='bbox 622 2373 853 2426; x_wconf 79' lang='lat' dir='ltr'><strong>substantiviache</strong></span> <span class='ocrx_word' id='word_1_219' title='bbox 865 2374 998 2428; x_wconf 79' lang='lat' dir='ltr'><strong>Prddicet</strong></span> <span class='ocrx_word' id='word_1_220' title='bbox 1010 2375 1132 2429; x_wconf 82' lang='lat' dir='ltr'><strong>amicitia</strong></span> <span class='ocrx_word' id='word_1_221' title='bbox 1149 2376 1207 2428; x_wconf 86' lang='lat' dir='ltr'><strong>sich</strong></span> 
     </span>
     <span class='ocr_line' id='line_1_25' title="bbox 93 2439 1208 2508; baseline 0 -12"><span class='ocrx_word' id='word_1_222' title='bbox 93 2441 306 2506; x_wconf 77' lang='lat' dir='ltr'><strong>anschliessend,</strong></span> <span class='ocrx_word' id='word_1_223' title='bbox 326 2441 456 2493; x_wconf 72' lang='lat' dir='ltr'><strong>wibrend</strong></span> <span class='ocrx_word' id='word_1_224' title='bbox 469 2458 496 2492; x_wconf 87' lang='lat' dir='ltr'><strong>es</strong></span> <span class='ocrx_word' id='word_1_225' title='bbox 509 2440 559 2492; x_wconf 83' lang='lat' dir='ltr'><strong>auf</strong></span> <span class='ocrx_word' id='word_1_226' title='bbox 568 2439 616 2491; x_wconf 79' lang='lat' dir='ltr'><strong>das</strong></span> <span class='ocrx_word' id='word_1_227' title='bbox 629 2441 856 2508; x_wconf 84' lang='lat' dir='ltr'><strong>Vorhergehende</strong></span> <span class='ocrx_word' id='word_1_228' title='bbox 873 2442 932 2494; x_wconf 90' lang='lat' dir='ltr'><strong>sich</strong></span> <span class='ocrx_word' id='word_1_229' title='bbox 949 2443 1060 2496; x_wconf 81' lang='lat' dir='ltr'><strong>bezieht</strong></span> <span class='ocrx_word' id='word_1_230' title='bbox 1071 2467 1104 2488; x_wconf 93' lang='lat'><strong>=</strong></span> <span class='ocrx_word' id='word_1_231' title='bbox 1116 2443 1208 2496; x_wconf 84' lang='lat' dir='ltr'><strong>solcho</strong></span> 
     </span>
     <span class='ocr_line' id='line_1_26' title="bbox 96 2508 764 2575; baseline 0 -12"><span class='ocrx_word' id='word_1_232' title='bbox 96 2510 325 2575; x_wconf 74' lang='lat' dir='ltr'><strong>Verbindungem</strong></span> <span class='ocrx_word' id='word_1_233' title='bbox 344 2508 398 2575; x_wconf 84' lang='lat' dir='ltr'><strong>vgl.</strong></span> <span class='ocrx_word' id='word_1_234' title='bbox 418 2526 441 2560; x_wconf 91' lang='lat' dir='ltr'><strong>c.</strong></span> <span class='ocrx_word' id='word_1_235' title='bbox 461 2512 538 2575; x_wconf 84' lang='lat'><strong>6,14</strong></span> <span class='ocrx_word' id='word_1_236' title='bbox 557 2508 627 2560; x_wconf 86' lang='lat' dir='ltr'><strong>hauc</strong></span> <span class='ocrx_word' id='word_1_237' title='bbox 646 2526 764 2564; x_wconf 84' lang='lat' dir='ltr'><strong>causam.</strong></span> 
     </span>
    </p>

    <p class='ocr_par' dir='ltr' id='par_1_4' title="bbox 92 2574 1209 3185">
     <span class='ocr_line' id='line_1_27' title="bbox 167 2574 1208 2646; baseline 0.003 -18"><span class='ocrx_word' id='word_1_238' title='bbox 167 2582 205 2630; x_wconf 82' lang='lat'><strong>15.</strong></span> <span class='ocrx_word' id='word_1_239' title='bbox 226 2577 428 2634; x_wconf 60' lang='lat' dir='ltr'><strong>commonebam</strong></span> <span class='ocrx_word' id='word_1_240' title='bbox 453 2574 507 2642; x_wconf 85' lang='lat' dir='ltr'><strong>vgl.</strong></span> <span class='ocrx_word' id='word_1_241' title='bbox 526 2574 550 2636; x_wconf 95' lang='grc' dir='ltr'>Ι,</span> <span class='ocrx_word' id='word_1_242' title='bbox 568 2580 594 2638; x_wconf 89' lang='grc'><strong>3,</strong></span> <span class='ocrx_word' id='word_1_243' title='bbox 611 2580 637 2628; x_wconf 83' lang='grc'><strong>4.</strong></span> <span class='ocrx_word' id='word_1_244' title='bbox 656 2576 708 2642; x_wconf 94' lang='grc' dir='ltr'>ΙΙΙ,</span> <span class='ocrx_word' id='word_1_245' title='bbox 727 2583 752 2640; x_wconf 89' lang='lat'><strong>3,</strong></span> <span class='ocrx_word' id='word_1_246' title='bbox 780 2583 810 2629; x_wconf 91' lang='lat'><strong>10</strong></span> <span class='ocrx_word' id='word_1_247' title='bbox 830 2594 856 2631; x_wconf 92' lang='lat' dir='ltr'><strong>u.</strong></span> <span class='ocrx_word' id='word_1_248' title='bbox 880 2582 905 2643; x_wconf 79' lang='lat'><strong>4,</strong></span> <span class='ocrx_word' id='word_1_249' title='bbox 924 2582 948 2630; x_wconf 83' lang='lat'><strong>4.</strong></span> <span class='ocrx_word' id='word_1_250' title='bbox 968 2607 1000 2616; x_wconf 93' lang='lat'>-</span> <span class='ocrx_word' id='word_1_251' title='bbox 1024 2580 1208 2646; x_wconf 79' lang='lat' dir='ltr'><strong>sapientibus,</strong></span> 
     </span>
     <span class='ocr_line' id='line_1_28' title="bbox 93 2641 1206 2714; baseline 0 -17"><span class='ocrx_word' id='word_1_252' title='bbox 93 2665 118 2698; x_wconf 79' lang='lat' dir='ltr'><strong>s.</strong></span> <span class='ocrx_word' id='word_1_253' title='bbox 139 2663 159 2696; x_wconf 90' lang='lat' dir='ltr'><strong>c.</strong></span> <span class='ocrx_word' id='word_1_254' title='bbox 177 2650 203 2696; x_wconf 80' lang='lat'><strong>4.</strong></span> <span class='ocrx_word' id='word_1_255' title='bbox 223 2650 238 2696; x_wconf 87' lang='lat'>3</span> <span class='ocrx_word' id='word_1_256' title='bbox 268 2661 289 2698; x_wconf 80' lang='lat' dir='ltr'><strong>c.</strong></span> <span class='ocrx_word' id='word_1_257' title='bbox 308 2648 332 2707; x_wconf 83' lang='grc'>7,</span> <span class='ocrx_word' id='word_1_258' title='bbox 351 2647 366 2695; x_wconf 83' lang='lat'>5</span> <span class='ocrx_word' id='word_1_259' title='bbox 385 2641 465 2694; x_wconf 86' lang='lat' dir='ltr'><strong>utilia</strong></span> <span class='ocrx_word' id='word_1_260' title='bbox 483 2659 510 2695; x_wconf 91' lang='lat' dir='ltr'><strong>u.</strong></span> <span class='ocrx_word' id='word_1_261' title='bbox 530 2645 554 2705; x_wconf 91' lang='grc' dir='ltr'><strong>Ι,</strong></span> <span class='ocrx_word' id='word_1_262' title='bbox 573 2646 615 2705; x_wconf 87' lang='grc'><strong>14,</strong></span> <span class='ocrx_word' id='word_1_263' title='bbox 633 2647 649 2694; x_wconf 86' lang='grc'><strong>9</strong></span> <span class='ocrx_word' id='word_1_264' title='bbox 669 2646 806 2696; x_wconf 83' lang='lat' dir='ltr'><strong>voluutas.</strong></span> <span class='ocrx_word' id='word_1_265' title='bbox 826 2673 859 2682; x_wconf 91' lang='lat'><em>-</em></span> <span class='ocrx_word' id='word_1_266' title='bbox 876 2648 1060 2713; x_wconf 78' lang='lat' dir='ltr'><strong>perfectisque</strong></span> <span class='ocrx_word' id='word_1_267' title='bbox 1066 2668 1075 2706; x_wconf 90' lang='lat'><em>;</em></span> <span class='ocrx_word' id='word_1_268' title='bbox 1093 2645 1147 2714; x_wconf 84' lang='lat' dir='ltr'><strong>vgl.</strong></span> <span class='ocrx_word' id='word_1_269' title='bbox 1168 2648 1206 2713; x_wconf 88' lang='grc' dir='ltr'><strong>ΙΙ,</strong></span> 
     </span>
     <span class='ocr_line' id='line_1_29' title="bbox 96 2709 1208 2781; baseline -0.002 -14"><span class='ocrx_word' id='word_1_270' title='bbox 96 2719 139 2777; x_wconf 77' lang='lat'><strong>20,</strong></span> <span class='ocrx_word' id='word_1_271' title='bbox 159 2717 191 2764; x_wconf 75' lang='lat'><strong>14</strong></span> <span class='ocrx_word' id='word_1_272' title='bbox 209 2728 347 2781; x_wconf 84' lang='lat' dir='ltr'><strong>operaque</strong></span> <span class='ocrx_word' id='word_1_273' title='bbox 364 2709 463 2761; x_wconf 83' lang='lat' dir='ltr'><strong>danda.</strong></span> <span class='ocrx_word' id='word_1_274' title='bbox 480 2743 514 2751; x_wconf 89' lang='lat'><em>-</em></span> <span class='ocrx_word' id='word_1_275' title='bbox 532 2709 684 2762; x_wconf 82' lang='lat' dir='ltr'><strong>Damonem</strong></span> <span class='ocrx_word' id='word_1_276' title='bbox 701 2719 727 2762; x_wconf 85' lang='lat' dir='ltr'><strong>et</strong></span> <span class='ocrx_word' id='word_1_277' title='bbox 744 2711 902 2776; x_wconf 65' lang='lat' dir='ltr'><strong>Perusiam</strong></span> <span class='ocrx_word' id='word_1_278' title='bbox 921 2731 974 2764; x_wconf 87' lang='lat' dir='ltr'><strong>von</strong></span> <span class='ocrx_word' id='word_1_279' title='bbox 989 2714 1100 2765; x_wconf 84' lang='lat' dir='ltr'><strong>Andern</strong></span> <span class='ocrx_word' id='word_1_280' title='bbox 1113 2715 1208 2766; x_wconf 82' lang='lat' dir='ltr'><strong>Mbrus</strong></span> 
     </span>
     <span class='ocr_line' id='line_1_30' title="bbox 96 2776 1208 2847; baseline -0.001 -15"><span class='ocrx_word' id='word_1_281' title='bbox 96 2780 153 2832; x_wconf 88' lang='lat' dir='ltr'><strong>und</strong></span> <span class='ocrx_word' id='word_1_282' title='bbox 166 2778 337 2834; x_wconf 87' lang='lat' dir='ltr'><strong>Selinuntius</strong></span> <span class='ocrx_word' id='word_1_283' title='bbox 349 2784 488 2843; x_wconf 83' lang='lat' dir='ltr'><strong>genannt3</strong></span> <span class='ocrx_word' id='word_1_284' title='bbox 502 2776 574 2829; x_wconf 80' lang='lat' dir='ltr'><strong>euch</strong></span> <span class='ocrx_word' id='word_1_285' title='bbox 586 2776 634 2829; x_wconf 83' lang='lat' dir='ltr'><strong>das</strong></span> <span class='ocrx_word' id='word_1_286' title='bbox 647 2777 716 2828; x_wconf 87' lang='lat' dir='ltr'><strong>wird</strong></span> <span class='ocrx_word' id='word_1_287' title='bbox 729 2778 904 2830; x_wconf 80' lang='lat' dir='ltr'><strong>verschiedeu</strong></span> <span class='ocrx_word' id='word_1_288' title='bbox 914 2782 1080 2847; x_wconf 85' lang='lat' dir='ltr'><strong>angegebeu,</strong></span> <span class='ocrx_word' id='word_1_289' title='bbox 1091 2781 1208 2832; x_wconf 84' lang='lat' dir='ltr'><strong>welcher</strong></span> 
     </span>
     <span class='ocr_line' id='line_1_31' title="bbox 95 2844 1208 2912; baseline -0.002 -12"><span class='ocrx_word' id='word_1_290' title='bbox 95 2849 144 2900; x_wconf 89' lang='lat' dir='ltr'><strong>der</strong></span> <span class='ocrx_word' id='word_1_291' title='bbox 161 2846 258 2899; x_wconf 86' lang='lat' dir='ltr'><strong>beiden</strong></span> <span class='ocrx_word' id='word_1_292' title='bbox 271 2845 392 2910; x_wconf 84' lang='lat' dir='ltr'><strong>Dionyse</strong></span> <span class='ocrx_word' id='word_1_293' title='bbox 411 2862 438 2896; x_wconf 87' lang='lat' dir='ltr'><strong>es</strong></span> <span class='ocrx_word' id='word_1_294' title='bbox 456 2861 580 2912; x_wconf 83' lang='lat' dir='ltr'><strong>geweaen</strong></span> <span class='ocrx_word' id='word_1_295' title='bbox 599 2844 646 2897; x_wconf 83' lang='lat' dir='ltr'><strong>sei.</strong></span> <span class='ocrx_word' id='word_1_296' title='bbox 666 2874 699 2881; x_wconf 93' lang='lat'><strong>—-</strong></span> <span class='ocrx_word' id='word_1_297' title='bbox 718 2848 905 2897; x_wconf 85' lang='lat' dir='ltr'><strong>commendare</strong></span> <span class='ocrx_word' id='word_1_298' title='bbox 922 2864 984 2900; x_wconf 87' lang='lat' dir='ltr'><strong>suos</strong></span> <span class='ocrx_word' id='word_1_299' title='bbox 998 2848 1062 2899; x_wconf 88' lang='lat' dir='ltr'><strong>oder</strong></span> <span class='ocrx_word' id='word_1_300' title='bbox 1074 2865 1125 2900; x_wconf 86' lang='lat' dir='ltr'><strong>sue</strong></span> <span class='ocrx_word' id='word_1_301' title='bbox 1138 2848 1208 2898; x_wconf 88' lang='lat' dir='ltr'><strong>wird</strong></span> 
     </span>
     <span class='ocr_line' id='line_1_32' title="bbox 95 2912 1209 2981; baseline -0.002 -13"><span class='ocrx_word' id='word_1_302' title='bbox 95 2913 262 2968; x_wconf 85' lang='lat' dir='ltr'><strong>nameutlich</strong></span> <span class='ocrx_word' id='word_1_303' title='bbox 282 2930 334 2965; x_wconf 89' lang='lat' dir='ltr'><strong>von</strong></span> <span class='ocrx_word' id='word_1_304' title='bbox 350 2912 521 2965; x_wconf 84' lang='lat' dir='ltr'><strong>Sterbendon</strong></span> <span class='ocrx_word' id='word_1_305' title='bbox 539 2921 643 2979; x_wconf 81' lang='lat' dir='ltr'><strong>gesegt,</strong></span> <span class='ocrx_word' id='word_1_306' title='bbox 662 2912 766 2964; x_wconf 84' lang='lat' dir='ltr'><strong>welche</strong></span> <span class='ocrx_word' id='word_1_307' title='bbox 783 2913 827 2964; x_wconf 84' lang='lat' dir='ltr'><strong>die</strong></span> <span class='ocrx_word' id='word_1_308' title='bbox 839 2913 953 2980; x_wconf 84' lang='lat' dir='ltr'><strong>Ihrigen</strong></span> <span class='ocrx_word' id='word_1_309' title='bbox 972 2915 1036 2967; x_wconf 87' lang='lat' dir='ltr'><strong>oder</strong></span> <span class='ocrx_word' id='word_1_310' title='bbox 1054 2914 1103 2968; x_wconf 82' lang='lat' dir='ltr'><strong>dae</strong></span> <span class='ocrx_word' id='word_1_311' title='bbox 1114 2914 1209 2981; x_wconf 83' lang='lat' dir='ltr'><strong>Ihrige</strong></span> 
     </span>
     <span class='ocr_line' id='line_1_33' title="bbox 95 2979 1206 3048; baseline -0.002 -13"><span class='ocrx_word' id='word_1_312' title='bbox 95 2981 240 3036; x_wconf 85' lang='lat' dir='ltr'><strong>Jemeudes</strong></span> <span class='ocrx_word' id='word_1_313' title='bbox 259 2981 364 3033; x_wconf 84' lang='lat' dir='ltr'><strong>Schutz</strong></span> <span class='ocrx_word' id='word_1_314' title='bbox 384 2979 448 3031; x_wconf 90' lang='lat' dir='ltr'><strong>oder</strong></span> <span class='ocrx_word' id='word_1_315' title='bbox 462 2979 599 3046; x_wconf 76' lang='lat' dir='ltr'><strong>b&#39;iirsorge</strong></span> <span class='ocrx_word' id='word_1_316' title='bbox 617 2979 779 3048; x_wconf 83' lang='lat' dir='ltr'><strong>empfehlen.</strong></span> <span class='ocrx_word' id='word_1_317' title='bbox 796 3009 830 3018; x_wconf 93' lang='lat'><strong>—-</strong></span> <span class='ocrx_word' id='word_1_318' title='bbox 847 2984 941 3047; x_wconf 77' lang='lat' dir='ltr'><strong>foetas</strong></span> <span class='ocrx_word' id='word_1_319' title='bbox 960 2992 1001 3034; x_wconf 80' lang='lat' dir='ltr'><strong>eet</strong></span> <span class='ocrx_word' id='word_1_320' title='bbox 1018 2986 1118 3036; x_wconf 82' lang='lat' dir='ltr'><strong>miiaate</strong></span> <span class='ocrx_word' id='word_1_321' title='bbox 1132 2982 1206 3034; x_wconf 86' lang='lat' dir='ltr'><strong>Cou-</strong></span> 
     </span>
     <span class='ocr_line' id='line_1_34' title="bbox 92 3047 1207 3119; baseline 0 -16"><span class='ocrx_word' id='word_1_322' title='bbox 92 3050 202 3119; x_wconf 84' lang='lat' dir='ltr'><strong>junctiv</strong></span> <span class='ocrx_word' id='word_1_323' title='bbox 219 3049 288 3113; x_wconf 89' lang='lat' dir='ltr'><strong>sein,</strong></span> <span class='ocrx_word' id='word_1_324' title='bbox 309 3047 433 3100; x_wconf 73' lang='lat' dir='ltr'><strong>irarum?</strong></span> <span class='ocrx_word' id='word_1_325' title='bbox 450 3047 553 3099; x_wconf 86' lang='lat' dir='ltr'><strong>Woher</strong></span> <span class='ocrx_word' id='word_1_326' title='bbox 570 3047 606 3100; x_wconf 86' lang='lat' dir='ltr'><strong>ist</strong></span> <span class='ocrx_word' id='word_1_327' title='bbox 623 3047 670 3100; x_wconf 80' lang='lat' dir='ltr'><strong>des</strong></span> <span class='ocrx_word' id='word_1_328' title='bbox 685 3047 840 3100; x_wconf 83' lang='lat' dir='ltr'><strong>Anucoluth</strong></span> <span class='ocrx_word' id='word_1_329' title='bbox 858 3049 1045 3102; x_wconf 70' lang='lat' dir='ltr'><strong>entstendeui</strong></span> <span class='ocrx_word' id='word_1_330' title='bbox 1063 3052 1160 3103; x_wconf 76' lang='lat' dir='ltr'><strong>cistere</strong></span> <span class='ocrx_word' id='word_1_331' title='bbox 1177 3068 1207 3103; x_wconf 80' lang='lat' dir='ltr'><strong>ae</strong></span> 
     </span>
     <span class='ocr_line' id='line_1_35' title="bbox 97 3114 1208 3185; baseline -0.002 -14"><span class='ocrx_word' id='word_1_332' title='bbox 97 3122 163 3171; x_wconf 88' lang='lat' dir='ltr'><strong>oder</strong></span> <span class='ocrx_word' id='word_1_333' title='bbox 182 3117 299 3185; x_wconf 85' lang='lat' dir='ltr'><strong>aliquem</strong></span> <span class='ocrx_word' id='word_1_334' title='bbox 318 3115 376 3167; x_wconf 87' lang='lat' dir='ltr'><strong>sich</strong></span> <span class='ocrx_word' id='word_1_335' title='bbox 390 3114 456 3167; x_wconf 87' lang='lat' dir='ltr'><strong>oder</strong></span> <span class='ocrx_word' id='word_1_336' title='bbox 468 3114 535 3170; x_wconf 89' lang='lat' dir='ltr'><strong>Jem.</strong></span> <span class='ocrx_word' id='word_1_337' title='bbox 548 3132 597 3166; x_wconf 89' lang='lat' dir='ltr'><strong>vor</strong></span> <span class='ocrx_word' id='word_1_338' title='bbox 611 3115 726 3167; x_wconf 84' lang='lat' dir='ltr'><strong>Gericht</strong></span> <span class='ocrx_word' id='word_1_339' title='bbox 738 3115 846 3170; x_wconf 85' lang='lat' dir='ltr'><strong>stellen.</strong></span> <span class='ocrx_word' id='word_1_340' title='bbox 860 3145 892 3154; x_wconf 93' lang='lat'><strong>—-</strong></span> <span class='ocrx_word' id='word_1_341' title='bbox 905 3125 937 3169; x_wconf 84' lang='lat' dir='ltr'><strong>ut</strong></span> <span class='ocrx_word' id='word_1_342' title='bbox 949 3135 978 3168; x_wconf 85' lang='lat' dir='ltr'><strong>so</strong></span> <span class='ocrx_word' id='word_1_343' title='bbox 992 3120 1066 3181; x_wconf 83' lang='lat' dir='ltr'><strong>dass;</strong></span> <span class='ocrx_word' id='word_1_344' title='bbox 1087 3121 1208 3169; x_wconf 84' lang='lat' dir='ltr'><strong>warum?</strong></span> 
     </span>
    </p>

    <p class='ocr_par' dir='ltr' id='par_1_5' title="bbox 92 3181 1209 3518">
     <span class='ocr_line' id='line_1_36' title="bbox 167 3181 1209 3250; baseline 0.002 -14"><span class='ocrx_word' id='word_1_345' title='bbox 167 3189 206 3237; x_wconf 87' lang='grc'><strong>18.</strong></span> <span class='ocrx_word' id='word_1_346' title='bbox 224 3185 327 3250; x_wconf 76' lang='lat' dir='ltr'><strong>ipiiur3</strong></span> <span class='ocrx_word' id='word_1_347' title='bbox 352 3182 402 3234; x_wconf 87' lang='lat' dir='ltr'><strong>mit</strong></span> <span class='ocrx_word' id='word_1_348' title='bbox 424 3181 511 3234; x_wconf 83' lang='lat' dir='ltr'><strong>dieser</strong></span> <span class='ocrx_word' id='word_1_349' title='bbox 528 3181 652 3234; x_wconf 83' lang='lat' dir='ltr'><strong>Partikel</strong></span> <span class='ocrx_word' id='word_1_350' title='bbox 675 3183 779 3235; x_wconf 86' lang='lat' dir='ltr'><strong>kommt</strong></span> <span class='ocrx_word' id='word_1_351' title='bbox 801 3183 896 3236; x_wconf 79' lang='lat' dir='ltr'><strong>Cicero</strong></span> <span class='ocrx_word' id='word_1_352' title='bbox 920 3184 969 3236; x_wconf 80' lang='lat' dir='ltr'><strong>auf</strong></span> <span class='ocrx_word' id='word_1_353' title='bbox 988 3184 1032 3236; x_wconf 87' lang='lat' dir='ltr'><strong>die</strong></span> <span class='ocrx_word' id='word_1_354' title='bbox 1051 3189 1075 3248; x_wconf 76' lang='lat'><strong>§-</strong></span> <span class='ocrx_word' id='word_1_355' title='bbox 1096 3190 1111 3238; x_wconf 87' lang='lat'><strong>9</strong></span> <span class='ocrx_word' id='word_1_356' title='bbox 1131 3202 1156 3237; x_wconf 83' lang='grc' dir='ltr'><strong>ιι.</strong></span> <span class='ocrx_word' id='word_1_357' title='bbox 1177 3189 1209 3238; x_wconf 89' lang='grc'><strong>10</strong></span> 
     </span>
     <span class='ocr_line' id='line_1_37' title="bbox 93 3249 1208 3320; baseline 0 -15"><span class='ocrx_word' id='word_1_358' title='bbox 93 3253 230 3320; x_wconf 82' lang='lat' dir='ltr'><strong>gegebeue</strong></span> <span class='ocrx_word' id='word_1_359' title='bbox 249 3250 329 3316; x_wconf 83' lang='lat' dir='ltr'><strong>Regel</strong></span> <span class='ocrx_word' id='word_1_360' title='bbox 347 3249 464 3312; x_wconf 83' lang='lat' dir='ltr'><strong>zurfick,</strong></span> <span class='ocrx_word' id='word_1_361' title='bbox 486 3250 541 3316; x_wconf 83' lang='lat' dir='ltr'><strong>vgl.</strong></span> <span class='ocrx_word' id='word_1_362' title='bbox 561 3251 585 3315; x_wconf 91' lang='grc' dir='ltr'>Ι,</span> <span class='ocrx_word' id='word_1_363' title='bbox 602 3256 642 3309; x_wconf 81' lang='grc'>33,</span> <span class='ocrx_word' id='word_1_364' title='bbox 665 3252 863 3305; x_wconf 57' lang='grc' dir='ltr'><strong>11.-ωηο</strong></span> <span class='ocrx_word' id='word_1_365' title='bbox 887 3251 1022 3319; x_wconf 82' lang='lat' dir='ltr'><strong>tropisch:</strong></span> <span class='ocrx_word' id='word_1_366' title='bbox 1047 3252 1208 3305; x_wconf 83' lang='lat' dir='ltr'><strong>durnieder-</strong></span> 
     </span>
     <span class='ocr_line' id='line_1_38' title="bbox 94 3316 1207 3390; baseline 0.001 -18"><span class='ocrx_word' id='word_1_367' title='bbox 94 3323 196 3388; x_wconf 80' lang='lat' dir='ltr'><strong>hegen,</strong></span> <span class='ocrx_word' id='word_1_368' title='bbox 218 3318 395 3384; x_wconf 65' lang='lat' dir='ltr'><strong>unmechtet,</strong></span> <span class='ocrx_word' id='word_1_369' title='bbox 419 3317 471 3370; x_wconf 89' lang='lat' dir='ltr'><strong>wie</strong></span> <span class='ocrx_word' id='word_1_370' title='bbox 495 3322 539 3368; x_wconf 89' lang='lat' dir='ltr'><strong>ein</strong></span> <span class='ocrx_word' id='word_1_371' title='bbox 559 3319 657 3381; x_wconf 72' lang='lat' dir='ltr'><strong>Aclmr,</strong></span> <span class='ocrx_word' id='word_1_372' title='bbox 679 3316 731 3369; x_wconf 88' lang='lat' dir='ltr'><strong>den</strong></span> <span class='ocrx_word' id='word_1_373' title='bbox 749 3335 812 3370; x_wconf 83' lang='lat' dir='ltr'><strong>mun</strong></span> <span class='ocrx_word' id='word_1_374' title='bbox 831 3319 920 3386; x_wconf 84' lang='lat' dir='ltr'><strong>liegen</strong></span> <span class='ocrx_word' id='word_1_375' title='bbox 939 3319 1027 3386; x_wconf 76' lang='lat' dir='ltr'><strong>hegen</strong></span> <span class='ocrx_word' id='word_1_376' title='bbox 1047 3319 1131 3384; x_wconf 71' lang='lat' dir='ltr'><strong>libast3</strong></span> <span class='ocrx_word' id='word_1_377' title='bbox 1151 3321 1207 3390; x_wconf 78' lang='lat' dir='ltr'><strong>vgl.</strong></span> 
     </span>
     <span class='ocr_line' id='line_1_39' title="bbox 96 3385 1209 3454; baseline -0.002 -14"><span class='ocrx_word' id='word_1_378' title='bbox 96 3394 180 3452; x_wconf 69' lang='lat' dir='ltr'><strong>eid,</strong></span> <span class='ocrx_word' id='word_1_379' title='bbox 200 3393 221 3441; x_wconf 89' lang='lat'><strong>1.</strong></span> <span class='ocrx_word' id='word_1_380' title='bbox 245 3391 286 3453; x_wconf 88' lang='grc'><strong>33,</strong></span> <span class='ocrx_word' id='word_1_381' title='bbox 310 3391 357 3450; x_wconf 84' lang='grc'><strong>13;</strong></span> <span class='ocrx_word' id='word_1_382' title='bbox 386 3386 540 3452; x_wconf 81' lang='lat' dir='ltr'><strong>Gogensatz</strong></span> <span class='ocrx_word' id='word_1_383' title='bbox 563 3386 655 3452; x_wconf 85' lang='lat' dir='ltr'><strong>vigere</strong></span> <span class='ocrx_word' id='word_1_384' title='bbox 679 3385 744 3437; x_wconf 89' lang='lat' dir='ltr'><strong>oder</strong></span> <span class='ocrx_word' id='word_1_385' title='bbox 766 3389 868 3442; x_wconf 84' lang='lat' dir='ltr'><strong>valere.</strong></span> <span class='ocrx_word' id='word_1_386' title='bbox 893 3415 924 3425; x_wconf 95' lang='lat'>-</span> <span class='ocrx_word' id='word_1_387' title='bbox 949 3390 1083 3440; x_wconf 77' lang='lat' dir='ltr'><strong>delectur:</strong></span> <span class='ocrx_word' id='word_1_388' title='bbox 1112 3388 1167 3454; x_wconf 83' lang='lat' dir='ltr'><strong>vgl.</strong></span> <span class='ocrx_word' id='word_1_389' title='bbox 1185 3388 1209 3452; x_wconf 90' lang='grc' dir='ltr'><strong>Ι,</strong></span> 
     </span>
     <span class='ocr_line' id='line_1_40' title="bbox 92 3460 242 3518; baseline -0.013 -11"><span class='ocrx_word' id='word_1_390' title='bbox 92 3474 120 3512; x_wconf 82' lang='lat' dir='ltr'><strong>c.</strong></span> <span class='ocrx_word' id='word_1_391' title='bbox 140 3461 181 3518; x_wconf 89' lang='grc'><strong>14,</strong></span> <span class='ocrx_word' id='word_1_392' title='bbox 202 3460 242 3508; x_wconf 91' lang='lat'><strong>10.</strong></span> 
     </span>
    </p>
   </div>
   <div class='ocr_carea' id='block_1_4' title="bbox 589 3576 718 3628">
    <p class='ocr_par' dir='ltr' id='par_1_6' title="bbox 589 3576 718 3628">
     <span class='ocr_line' id='line_1_41' title="bbox 589 3576 718 3628; baseline -0.016 -4"><span class='ocrx_word' id='word_1_393' title='bbox 589 3576 659 3628; x_wconf 78' lang='lat' dir='ltr'><strong>Kar.</strong></span> <span class='ocrx_word' id='word_1_394' title='bbox 680 3576 718 3624; x_wconf 93' lang='grc'><strong>11.</strong></span> 
     </span>
    </p>
   </div>
   <div class='ocr_carea' id='block_1_5' title="bbox 92 3654 1210 4261">
    <p class='ocr_par' dir='ltr' id='par_1_7' title="bbox 92 3654 1209 4130">
     <span class='ocr_line' id='line_1_42' title="bbox 166 3654 1207 3721; baseline 0.003 -15"><span class='ocrx_word' id='word_1_395' title='bbox 166 3662 189 3708; x_wconf 92' lang='grc'><strong>1.</strong></span> <span class='ocrx_word' id='word_1_396' title='bbox 208 3662 252 3707; x_wconf 85' lang='lat' dir='ltr'><strong>ut.</strong></span> <span class='ocrx_word' id='word_1_397' title='bbox 270 3655 357 3721; x_wconf 80' lang='lat' dir='ltr'><strong>specie</strong></span> <span class='ocrx_word' id='word_1_398' title='bbox 375 3654 500 3707; x_wconf 85' lang='lat' dir='ltr'><strong>causaler</strong></span> <span class='ocrx_word' id='word_1_399' title='bbox 516 3655 642 3720; x_wconf 78' lang='lat' dir='ltr'><strong>Ablativ3</strong></span> <span class='ocrx_word' id='word_1_400' title='bbox 661 3672 756 3721; x_wconf 83' lang='lat' dir='ltr'><strong>wegen</strong></span> <span class='ocrx_word' id='word_1_401' title='bbox 775 3656 847 3706; x_wconf 85' lang='lat' dir='ltr'><strong>eines</strong></span> <span class='ocrx_word' id='word_1_402' title='bbox 866 3654 1046 3707; x_wconf 86' lang='lat' dir='ltr'><strong>acheinberen</strong></span> <span class='ocrx_word' id='word_1_403' title='bbox 1065 3655 1207 3720; x_wconf 79' lang='lat' dir='ltr'><strong>Nutzena3</strong></span> 
     </span>
     <span class='ocr_line' id='line_1_43' title="bbox 92 3721 1209 3794; baseline -0.001 -16"><span class='ocrx_word' id='word_1_404' title='bbox 92 3726 148 3794; x_wconf 70' lang='lat' dir='ltr'><strong>agl.</strong></span> <span class='ocrx_word' id='word_1_405' title='bbox 167 3743 191 3777; x_wconf 92' lang='lat' dir='ltr'><strong>c.</strong></span> <span class='ocrx_word' id='word_1_406' title='bbox 211 3725 253 3787; x_wconf 78' lang='lat'><strong>25,</strong></span> <span class='ocrx_word' id='word_1_407' title='bbox 272 3725 297 3774; x_wconf 84' lang='lat'><strong>9.</strong></span> <span class='ocrx_word' id='word_1_408' title='bbox 317 3748 346 3787; x_wconf 59' lang='lat'><em>7</em></span> <span class='ocrx_word' id='word_1_409' title='bbox 366 3723 396 3773; x_wconf 83' lang='lat' dir='ltr'><strong>in</strong></span> <span class='ocrx_word' id='word_1_410' title='bbox 415 3739 444 3773; x_wconf 87' lang='lat' dir='ltr'><strong>re</strong></span> <span class='ocrx_word' id='word_1_411' title='bbox 462 3724 573 3788; x_wconf 80' lang='lat' dir='ltr'><strong>publicu</strong></span> <span class='ocrx_word' id='word_1_412' title='bbox 591 3723 620 3774; x_wconf 92' lang='lat' dir='ltr'><strong>in</strong></span> <span class='ocrx_word' id='word_1_413' title='bbox 639 3723 688 3774; x_wconf 87' lang='lat' dir='ltr'><strong>der</strong></span> <span class='ocrx_word' id='word_1_414' title='bbox 705 3721 825 3787; x_wconf 88' lang='lat' dir='ltr'><strong>Politik,</strong></span> <span class='ocrx_word' id='word_1_415' title='bbox 843 3722 883 3773; x_wconf 74' lang='lat' dir='ltr'><strong>‘im</strong></span> <span class='ocrx_word' id='word_1_416' title='bbox 902 3721 1087 3775; x_wconf 82' lang='lat' dir='ltr'><strong>Stautslehen.</strong></span> <span class='ocrx_word' id='word_1_417' title='bbox 1108 3752 1139 3760; x_wconf 93' lang='lat'><em>-</em></span> <span class='ocrx_word' id='word_1_418' title='bbox 1157 3725 1209 3777; x_wconf 82' lang='lat' dir='ltr'><strong>Co·</strong></span> 
     </span>
     <span class='ocr_line' id='line_1_44' title="bbox 95 3786 1208 3858; baseline -0.003 -12"><span class='ocrx_word' id='word_1_419' title='bbox 95 3794 200 3855; x_wconf 57' lang='lat' dir='ltr'><strong>tinctu</strong></span> <span class='ocrx_word' id='word_1_420' title='bbox 229 3786 284 3855; x_wconf 83' lang='lat' dir='ltr'><strong>vgl.</strong></span> <span class='ocrx_word' id='word_1_421' title='bbox 303 3789 326 3854; x_wconf 92' lang='grc' dir='ltr'>Ι,</span> <span class='ocrx_word' id='word_1_422' title='bbox 346 3805 368 3838; x_wconf 91' lang='lat' dir='ltr'><strong>c.</strong></span> <span class='ocrx_word' id='word_1_423' title='bbox 388 3792 429 3856; x_wconf 84' lang='lat'><strong>11,</strong></span> <span class='ocrx_word' id='word_1_424' title='bbox 449 3793 472 3842; x_wconf 80' lang='lat' dir='ltr'><strong>b.</strong></span> <span class='ocrx_word' id='word_1_425' title='bbox 490 3818 524 3827; x_wconf 98' lang='lat'>—</span> <span class='ocrx_word' id='word_1_426' title='bbox 546 3791 637 3842; x_wconf 75' lang='lat' dir='ltr'><strong>nostri</strong></span> <span class='ocrx_word' id='word_1_427' title='bbox 665 3797 823 3858; x_wconf 78' lang='lat' dir='ltr'><strong>peccarunt.</strong></span> <span class='ocrx_word' id='word_1_428' title='bbox 842 3817 875 3826; x_wconf 91' lang='lat'><strong>·-</strong></span> <span class='ocrx_word' id='word_1_429' title='bbox 899 3789 1009 3842; x_wconf 79' lang='lat' dir='ltr'><strong>Durius</strong></span> <span class='ocrx_word' id='word_1_430' title='bbox 1033 3791 1117 3842; x_wconf 84' lang='lat' dir='ltr'><strong>etiam</strong></span> <span class='ocrx_word' id='word_1_431' title='bbox 1139 3790 1208 3844; x_wconf 81' lang='lat' dir='ltr'><strong>fece-</strong></span> 
     </span>
     <span class='ocr_line' id='line_1_45' title="bbox 94 3853 1209 3924; baseline -0.004 -10"><span class='ocrx_word' id='word_1_432' title='bbox 94 3868 179 3924; x_wconf 80' lang='lat' dir='ltr'><strong>ruut;</strong></span> <span class='ocrx_word' id='word_1_433' title='bbox 198 3856 254 3909; x_wconf 84' lang='lat' dir='ltr'><strong>dies</strong></span> <span class='ocrx_word' id='word_1_434' title='bbox 273 3853 383 3922; x_wconf 80' lang='lat' dir='ltr'><strong>eapitet</strong></span> <span class='ocrx_word' id='word_1_435' title='bbox 399 3855 437 3908; x_wconf 80' lang='lat' dir='ltr'><strong>iat</strong></span> <span class='ocrx_word' id='word_1_436' title='bbox 452 3855 599 3908; x_wconf 82' lang='lat' dir='ltr'><strong>besondero</strong></span> <span class='ocrx_word' id='word_1_437' title='bbox 617 3857 692 3908; x_wconf 89' lang='lat' dir='ltr'><strong>reich</strong></span> <span class='ocrx_word' id='word_1_438' title='bbox 711 3874 745 3909; x_wconf 83' lang='lat' dir='ltr'><strong>un</strong></span> <span class='ocrx_word' id='word_1_439' title='bbox 759 3855 1009 3923; x_wconf 80' lang='lat' dir='ltr'><strong>VerbalEllipsen.</strong></span> <span class='ocrx_word' id='word_1_440' title='bbox 1026 3889 1057 3898; x_wconf 91' lang='lat'>—</span> <span class='ocrx_word' id='word_1_441' title='bbox 1069 3860 1209 3910; x_wconf 77' lang='lat' dir='ltr'><strong>sciverunt</strong></span> 
     </span>
     <span class='ocr_line' id='line_1_46' title="bbox 95 3923 1207 3988; baseline -0.005 -7"><span class='ocrx_word' id='word_1_442' title='bbox 95 3929 174 3981; x_wconf 84' lang='lat' dir='ltr'><strong>nicht</strong></span> <span class='ocrx_word' id='word_1_443' title='bbox 201 3943 253 3978; x_wconf 90' lang='lat' dir='ltr'><strong>von</strong></span> <span class='ocrx_word' id='word_1_444' title='bbox 279 3923 345 3977; x_wconf 82' lang='lat' dir='ltr'><strong>scio.</strong></span> <span class='ocrx_word' id='word_1_445' title='bbox 362 3951 397 3960; x_wconf 89' lang='lat'><em>-</em></span> <span class='ocrx_word' id='word_1_446' title='bbox 414 3925 543 3975; x_wconf 83' lang='lat' dir='ltr'><strong>valebant</strong></span> <span class='ocrx_word' id='word_1_447' title='bbox 561 3925 713 3988; x_wconf 85' lang='lat' dir='ltr'><strong>Indicativ,</strong></span> <span class='ocrx_word' id='word_1_448' title='bbox 741 3923 803 3976; x_wconf 85' lang='lat' dir='ltr'><strong>weil</strong></span> <span class='ocrx_word' id='word_1_449' title='bbox 829 3923 901 3976; x_wconf 84' lang='lat' dir='ltr'><strong>diese</strong></span> <span class='ocrx_word' id='word_1_450' title='bbox 923 3925 1019 3978; x_wconf 87' lang='lat' dir='ltr'><strong>Worte</strong></span> <span class='ocrx_word' id='word_1_451' title='bbox 1047 3926 1124 3978; x_wconf 87' lang='lat' dir='ltr'><strong>nicht</strong></span> <span class='ocrx_word' id='word_1_452' title='bbox 1146 3941 1207 3976; x_wconf 85' lang='lat' dir='ltr'><strong>zum</strong></span> 
     </span>
     <span class='ocr_line' id='line_1_47' title="bbox 97 3990 1209 4058; baseline -0.005 -10"><span class='ocrx_word' id='word_1_453' title='bbox 97 3993 242 4048; x_wconf 79' lang='lat' dir='ltr'><strong>Beschluas</strong></span> <span class='ocrx_word' id='word_1_454' title='bbox 260 3991 307 4042; x_wconf 84' lang='lat' dir='ltr'><strong>der</strong></span> <span class='ocrx_word' id='word_1_455' title='bbox 321 3990 445 4043; x_wconf 85' lang='lat' dir='ltr'><strong>Athener</strong></span> <span class='ocrx_word' id='word_1_456' title='bbox 464 3991 590 4058; x_wconf 79' lang='lat' dir='ltr'><strong>gehbren,</strong></span> <span class='ocrx_word' id='word_1_457' title='bbox 609 3991 728 4044; x_wconf 80' lang='lat' dir='ltr'><strong>eundern</strong></span> <span class='ocrx_word' id='word_1_458' title='bbox 748 4008 801 4043; x_wconf 86' lang='lat' dir='ltr'><strong>nur</strong></span> <span class='ocrx_word' id='word_1_459' title='bbox 819 3990 978 4044; x_wconf 76' lang='lat' dir='ltr'><strong>erltuternd</strong></span> <span class='ocrx_word' id='word_1_460' title='bbox 997 3994 1043 4046; x_wconf 81' lang='lat' dir='ltr'><strong>fiir</strong></span> <span class='ocrx_word' id='word_1_461' title='bbox 1060 3993 1113 4044; x_wconf 84' lang='lat' dir='ltr'><strong>den</strong></span> <span class='ocrx_word' id='word_1_462' title='bbox 1125 3991 1209 4043; x_wconf 85' lang='lat' dir='ltr'><strong>Leser</strong></span> 
     </span>
     <span class='ocr_line' id='line_1_48' title="bbox 95 4057 572 4130; baseline -0.013 -14"><span class='ocrx_word' id='word_1_463' title='bbox 95 4064 247 4130; x_wconf 81' lang='lat' dir='ltr'><strong>beigesetzt</strong></span> <span class='ocrx_word' id='word_1_464' title='bbox 263 4057 338 4122; x_wconf 67' lang='lat' dir='ltr'><strong>sind,</strong></span> <span class='ocrx_word' id='word_1_465' title='bbox 357 4057 412 4125; x_wconf 82' lang='lat' dir='ltr'><strong>vgl.</strong></span> <span class='ocrx_word' id='word_1_466' title='bbox 432 4058 468 4124; x_wconf 91' lang='lat' dir='ltr'><strong>Il,</strong></span> <span class='ocrx_word' id='word_1_467' title='bbox 489 4063 529 4122; x_wconf 87' lang='grc'><strong>16,</strong></span> <span class='ocrx_word' id='word_1_468' title='bbox 549 4065 572 4113; x_wconf 81' lang='grc'><strong>7.</strong></span> 
     </span>
    </p>

    <p class='ocr_par' dir='ltr' id='par_1_8' title="bbox 96 4124 1210 4261">
     <span class='ocr_line' id='line_1_49' title="bbox 164 4124 1209 4192; baseline -0.006 -10"><span class='ocrx_word' id='word_1_469' title='bbox 164 4136 188 4182; x_wconf 77' lang='lat'><strong>2.</strong></span> <span class='ocrx_word' id='word_1_470' title='bbox 206 4128 365 4181; x_wconf 79' lang='lat' dir='ltr'><strong>imminebat</strong></span> <span class='ocrx_word' id='word_1_471' title='bbox 386 4143 413 4179; x_wconf 83' lang='lat' dir='ltr'><strong>es</strong></span> <span class='ocrx_word' id='word_1_472' title='bbox 435 4124 583 4191; x_wconf 83' lang='lat' dir='ltr'><strong>bedrohte,</strong></span> <span class='ocrx_word' id='word_1_473' title='bbox 607 4143 666 4178; x_wconf 83' lang='lat' dir='ltr'><strong>war</strong></span> <span class='ocrx_word' id='word_1_474' title='bbox 688 4125 838 4192; x_wconf 75' lang='lat' dir='ltr'><strong>geidhrlich</strong></span> <span class='ocrx_word' id='word_1_475' title='bbox 862 4125 902 4179; x_wconf 86' lang='lat' dir='ltr'><strong>als</strong></span> <span class='ocrx_word' id='word_1_476' title='bbox 924 4124 1156 4180; x_wconf 87' lang='lat' dir='ltr'><strong>Nebenbuhlerin.</strong></span> <span class='ocrx_word' id='word_1_477' title='bbox 1176 4155 1209 4164; x_wconf 97' lang='lat'>-</span> 
     </span>
     <span class='ocr_line' id='line_1_50' title="bbox 96 4192 1210 4261; baseline -0.004 -11"><span class='ocrx_word' id='word_1_478' title='bbox 96 4199 215 4251; x_wconf 77' lang='lat' dir='ltr'><strong>urbibus</strong></span> <span class='ocrx_word' id='word_1_479' title='bbox 228 4197 279 4257; x_wconf 81' lang='lat' dir='ltr'><strong>nii,</strong></span> <span class='ocrx_word' id='word_1_480' title='bbox 294 4192 370 4246; x_wconf 87' lang='lat' dir='ltr'><strong>nicht</strong></span> <span class='ocrx_word' id='word_1_481' title='bbox 382 4192 453 4246; x_wconf 84' lang='lat' dir='ltr'><strong>blose</strong></span> <span class='ocrx_word' id='word_1_482' title='bbox 464 4195 608 4259; x_wconf 83' lang='lat' dir='ltr'><strong>beaucben,</strong></span> <span class='ocrx_word' id='word_1_483' title='bbox 621 4193 740 4246; x_wconf 85' lang='lat' dir='ltr'><strong>sondern</strong></span> <span class='ocrx_word' id='word_1_484' title='bbox 755 4194 864 4261; x_wconf 73' lang='lat' dir='ltr'><strong>lingere</strong></span> <span class='ocrx_word' id='word_1_485' title='bbox 878 4194 940 4247; x_wconf 87' lang='lat' dir='ltr'><strong>Zeit</strong></span> <span class='ocrx_word' id='word_1_486' title='bbox 954 4193 1072 4247; x_wconf 81' lang='lat' dir='ltr'><strong>daselbat</strong></span> <span class='ocrx_word' id='word_1_487' title='bbox 1081 4193 1210 4261; x_wconf 81' lang='lat' dir='ltr'><strong>wohnen,</strong></span> 
     </span>
    </p>
   </div>
   <div class='ocr_carea' id='block_1_6' title="bbox 0 0 1420 4748">
    <p class='ocr_par' dir='ltr' id='par_1_9' title="bbox 0 0 1420 4748">
     <span class='ocr_line' id='line_1_51' title="bbox 0 0 1420 4748; baseline 0 0"><span class='ocrx_word' id='word_1_488' title='bbox 0 0 1420 4748; x_wconf 95' lang='lat' dir='ltr'><strong> </strong></span> 
     </span>
    </p>
   </div>
  </div>
 </body>
</html>
