2826 4748
209 291 269 354 126
653 305 701 349 na
731 303 880 351 osricus

173 460 190 508 5
209 447 333 506 derunt?
362 442 413 506 81.
441 448 477 505 At
500 461 569 504 vero
593 447 700 504 Aratus
723 442 878 522 Sicyonius
900 436 967 501 iure
988 440 1135 515 laudatur,
1165 444 1226 521 qui,
1257 460 1325 502 cum

208 532 272 591 eius
295 531 396 590 civitas
418 531 632 609 quinquaginta
662 545 755 588 annos
784 547 799 587 a
823 529 955 607 tyrannis
978 533 1146 595 teneretur,
1171 527 1325 605 proiectus

208 616 294 693 Argis
317 614 483 693 Sicyonem,
507 611 690 674 clandestino
713 613 838 672 introitu
860 609 934 672 urbe
958 622 1002 671 est
1027 612 1146 690 potitus.
1190 612 1324 690 Cumque

206 708 365 779 tyrannum
393 699 546 759 Nicoclem
575 698 733 777 improviso
768 698 983 776 oppressisset,
1023 703 1178 756 sexcentos
1213 695 1313 756 exules

208 787 260 862 qui
282 782 510 863 locupletissimi
533 782 652 842 lucrant
674 783 738 842 eius
761 784 898 849 civitatis,
923 782 1062 849 restituit,
1086 797 1210 857 remque
1225 780 1324 859 publi·

174 885 272 932 coam
301 869 427 929 adventu
455 886 508 929 suo
537 865 680 927 liberavit.
728 865 786 927 Sed
814 884 881 926 cum
911 882 1047 942 magnam
1077 865 1325 926 animadverteret

207 955 237 1013 in
261 953 348 1013 bonis
374 962 407 1013 et
429 950 665 1032 possessionibus
687 950 898 1019 difficultatem,
928 950 1007 1029 quod
1030 958 1059 1010 et
1081 968 1141 1019 eos
1165 967 1238 1028 quos
1260 951 1323 1027 ipse

207 1041 391 1107 restituerat,
421 1055 547 1114 quorum
576 1036 652 1098 bona
680 1034 730 1095 alii
752 1036 962 1114 possederant,
993 1052 1080 1112 egere
1104 1035 1323 1113 iniquissimum

207 1141 272 1183 esse
284 1121 492 1191 arbitrabatur,
506 1128 536 1181 et
547 1121 757 1200 quinquaginta
771 1137 914 1180 annorum
928 1121 1130 1199 possessiones
1141 1120 1252 1178 moveri
1262 1137 1323 1178 non

207 1209 295 1267 nimis
308 1225 433 1285 aequum
439 1205 567 1284 putabat,
581 1214 741 1285 propterea
754 1204 833 1284 quod
846 1212 906 1264 tam
921 1202 1009 1282 longo
1025 1206 1119 1282 spatio
1132 1203 1224 1264 multa
1237 1203 1322 1263 here-

206 1290 356 1360 ditatibus,
365 1289 454 1351 multa
469 1289 678 1368 emptionibus,
692 1290 782 1350 multa
799 1288 919 1350 dotibus
931 1288 1108 1349 tenebantur
1119 1290 1182 1349 sine
1195 1289 1319 1348 iniuria:

210 1375 357 1445 iudicavit,
375 1394 471 1456 neque
486 1374 545 1434 illis
560 1374 665 1444 adimi,
683 1393 779 1453 neque
801 1371 850 1434 his
873 1393 932 1434 non
954 1374 1101 1452 satisfieri,
1125 1391 1250 1454 quorum
1272 1372 1320 1431 illa

175 1461 339 1537 aluerant,
363 1468 511 1539 oportere.
547 1456 596 1520 82.
620 1461 694 1521 Cum
717 1461 807 1537 igitur
830 1461 990 1526 statuisset,
1015 1476 1089 1537 opus
1112 1475 1176 1519 esse
1199 1457 1234 1517 ad
1258 1475 1323 1518 eam

208 1563 272 1604 rem
289 1547 527 1606 constituendam
542 1545 682 1625 pecunia;
706 1543 915 1604 Alexandriam
936 1562 967 1602 se
982 1544 1133 1622 proficisci
1150 1540 1222 1602 velle
1238 1542 1320 1611 dixit,

173 1640 330 1709 8remque
354 1632 499 1707 mtegram
524 1629 560 1689 ad
584 1629 713 1689 reditum
742 1646 826 1687 suum
848 1629 933 1687 iussit
956 1645 1030 1687 esse.
1074 1627 1160 1706 lsque
1183 1623 1323 1686 celeriter

209 1715 245 1773 ad
268 1713 482 1783 Ptolemaeum,
507 1731 593 1774 suum
616 1712 774 1790 hospitem,
796 1715 893 1780 venit,
924 1713 1058 1787 quitum
1081 1709 1225 1788 regnabat
1246 1711 1323 1770 alter

207 1805 274 1875 post
302 1797 510 1858 Alexandriam
541 1796 716 1858 conditamz‘
741 1799 789 1856 cui
817 1815 884 1857 cum
914 1796 1099 1874 exposuisset
1132 1795 1256 1874 patriam
1287 1813 1320 1854 se

206 1879 337 1942 liberare
359 1881 443 1950 velle,
467 1900 644 1961 cansamque
667 1881 825 1956 docuisset,
848 1899 864 1940 a
885 1899 957 1958 rege
972 1879 1113 1960 opulento
1128 1881 1172 1939 vir
1187 1897 1322 1941 summus

174 1966 295 2028 elacile
322 1969 505 2046 impetravit,
536 1974 566 2027 ut
595 1966 701 2042 grandi
730 1968 856 2045 pecunia
884 1967 1082 2026 adiuvaretur.
1128 1964 1221 2036 Quam
1253 1982 1320 2023 cunr

208 2050 364 2130 Sicyonem
388 2051 540 2121 attulisset,
565 2051 701 2112 adhibuit
729 2050 785 2111 sibi
813 2054 844 2110 in
868 2050 1022 2111 consilium
1047 2049 1215 2127 quindecim
1238 2050 1320 2127 prin·

208 2137 303 2214 cipes,
327 2153 393 2195 cum
417 2135 525 2214 quibus
541 2154 643 2196 causas
658 2138 796 2212 cognovit
811 2143 840 2195 et
856 2153 968 2205 corum,
990 2136 1040 2214 qui
1056 2133 1151 2196 aliena
1167 2131 1319 2203 tenebant,

210 2228 238 2280 et
255 2239 366 2289 eorum,
383 2223 434 2300 qui
450 2240 502 2282 sua
518 2223 688 2288 amiserant,
710 2221 895 2300 perfecitque
918 2219 1106 2279 aestimandis
1125 2219 1321 2297 possessioni-

206 2304 271 2373 bus,
284 2313 316 2364 ut
327 2305 521 2381 persuaderet
533 2303 607 2373 aliis,
620 2313 652 2364 ut
663 2306 820 2381 pecuniam
833 2306 968 2382 accipere
980 2301 1111 2372 mallent,
1128 2303 1320 2382 possessioni·

207 2389 263 2449 bus
285 2389 436 2459 cederent,
460 2388 534 2458 aliis,
559 2398 591 2449 ut
606 2387 787 2449 commodius
803 2396 950 2466 putarent,
975 2388 1126 2448 numerari
1149 2384 1216 2454 sibi,
1240 2386 1318 2466 quod

207 2553 279 2605 nelis
296 2553 341 2605 die
359 2553 465 2606 Mutter
483 2554 530 2606 der
548 2554 693 2606 Gracchen
714 2572 780 2608 war.
798 2584 831 2592 -
849 2557 955 2606 Aratus
973 2553 1086 2606 belreite
1104 2552 1206 2620 Sicyon
1224 2557 1274 2606 251
1292 2572 1318 2607 v.

206 2621 271 2674 Chr.
289 2650 322 2659 -
339 2624 432 2688 Arpis,
452 2640 494 2673 wo
517 2640 546 2673 er
569 2623 608 2674 als
626 2621 699 2673 Kind
718 2638 833 2688 erzogen
854 2622 959 2687 warde,
977 2621 1013 2673 da
1030 2621 1078 2674 der
1095 2622 1211 2690 Tyrann
1226 2621 1321 2673 Aban-

207 2690 277 2742 tidas
295 2689 388 2742 seinen
408 2689 492 2743 Vates
511 2689 615 2742 Clinias
633 2690 757 2756 getddtet
774 2691 858 2742 hatte.

272 2761 296 2809 6.
314 2776 445 2825 qaorum·
463 2758 550 2810 dieser
562 2756 732 2810 Relativsstz
750 2758 787 2810 ist
803 2758 863 2809 dem
875 2757 1115 2825 vorhergehendeu
1128 2765 1230 2819 unter·‚
1244 2755 1321 2809 nicht

204 2824 390 2892 beigeordnet,
410 2826 463 2892 vgl,
481 2826 503 2886 1,
522 2831 545 2886 9,
566 2831 589 2878 7.
607 2826 660 2892 ΙΙΙ,
677 2832 702 2889 4,
721 2832 745 2878 4.
764 2855 796 2864 —
815 2829 1006 2893 possederant,
1026 2825 1080 2892 vgl.
1100 2843 1122 2880 c.
1141 2831 1183 2889 22,
1202 2829 1246 2891 143
1265 2825 1318 2877 wie

205 2893 306 2944 mdsste
333 2911 360 2944 es
384 2893 499 2959 heissen,
525 2911 606 2945 wenn
624 2911 652 2946 es
670 2912 724 2947 von
747 2897 873 2962 possideo
902 2894 1048 2945 herksmes
1075 2922 1107 2930 -
1133 2895 1319 2959 possessiones

202 2963 318 3023 moveri;
339 2961 506 3027 abgekrirzte
525 2961 766 3015 Ausdrucksweise
783 2962 829 3014 fiir
847 2978 1014 3029 possessores
1034 2961 1133 3012 moveri
1156 2960 1245 3026 agris3
1266 2959 1319 3012 wie

205 3046 228 3080 c.
249 3033 289 3092 19,
311 3033 357 3091 14;
378 3028 399 3090 Ι,
419 3044 442 3082 c.
462 3034 503 3089 24,
521 3033 537 3081 5
555 3028 700 3082 subvenire
718 3030 874 3097 tempestati
886 3053 919 3072 =
931 3030 1008 3081 subv.
1030 3028 1094 3080 navi
1105 3027 1134 3079 in
1148 3035 1317 3096 tempestate.

205 3124 236 3133 —-
255 3113 312 3146 non
330 3096 413 3147 nimis
432 3114 550 3164 aequum
576 3098 643 3148 eben
670 3097 747 3148 nicht
771 3096 835 3148 sehr
855 3097 945 3163 bilhg,
974 3095 1027 3163 rgl.
1051 3113 1075 3147 c.
1100 3101 1140 3161 14,
1159 3099 1183 3148 8.
1201 3124 1235 3133 -
1258 3098 1319 3148 sine

204 3164 322 3226 iniuria,
340 3162 384 3214 die
401 3163 553 3232 damaligen
574 3164 696 3217 Besitzer
713 3165 810 3217 hstten
828 3163 871 3216 die
884 3165 974 3217 Griter
992 3164 1042 3215 suf
1055 3180 1127 3230 ganz
1141 3163 1317 3216 rechtlicbem

204 3230 289 3295 Wege
307 3231 459 3284 erworben.
482 3261 512 3271 -
531 3251 669 3300 neque-
687 3250 742 3284 non
762 3232 832 3284 noch
851 3234 921 3285 auch
941 3231 1025 3284 nicht.
1040 3261 1071 3268 —
1085 3233 1317 3294 constituendam,

203 3296 259 3363 vgl.
280 3314 302 3349 c.
324 3303 419 3362 11,1·2.
438 3328 470 3337 -
489 3302 626 3366 intepram
638 3300 851 3353 unentschieden
866 3303 1015 3367 (synonym
1027 3298 1078 3351 mit
1089 3299 1247 3364 intactam);
1263 3316 1319 3350 wo·

205 3366 252 3416 her
270 3364 342 3418 diese
361 3365 544 3433 Bedeutnng‘i

273 3437 296 3485 8.
316 3435 405 3501 Isque,
432 3433 512 3486 keine
531 3435 717 3501 Fortsetzung
743 3434 788 3486 des
807 3434 978 3486 Nachsatzes
1001 3433 1071 3485 dixit
1098 3433 1155 3484 und
1177 3432 1264 3498 iussit,
1286 3432 1315 3485 in

150 3516 152 3520 ·
205 3501 333 3554 welchem
353 3501 429 3554 Falla
450 3501 498 3553 das
521 3501 676 3553 Pronomen
699 3518 772 3568 ganz
792 3501 978 3569 unertrdglich
1000 3501 1088 3564 wire;
1111 3499 1230 3553 sonderu
1250 3517 1317 3553 neue

203 3568 326 3634 Periode‚
345 3569 374 3619 in
393 3569 442 3620 der
460 3586 511 3638 que
529 3568 673 3621 erklirend
696 3568 845 3639 snhndpft,
869 3570 921 3622 wie
944 3571 980 3621 im
1000 3569 1167 3621 Deutschen:
1192 3567 1317 3621 Under

204 3635 286 3716 ham:
314 3635 391 3716 xgr.
414 3637 438 3703 I,
457 3643 497 3701 14,
515 3642 533 3689 4
550 3636 646 3705 hique3
678 3643 703 3701 4,
722 3641 739 3688 4
761 3654 787 3717 p.
810 3643 886 3702 39,9
914 3638 1076 3705 eademque3
1099 3642 1124 3700 4,
1143 3641 1159 3689 5
1179 3653 1203 3688 u.
1223 3641 1263 3696 37,
1284 3641 1315 3688 13

204 3709 469 3835 1111111312
481 3704 1226 3842 ttdhltttllttlttltsllechiti?“tale
1239 3709 1317 3823 tlt,

204 3836 250 3887 des
278 3839 388 3890 stactes
416 3840 595 3905 Gastfreund,
612 3839 658 3892 der
675 3841 731 3892 ihm
750 3841 798 3893 das
817 3840 887 3893 Geld
906 3841 969 3908 (150
987 3839 1112 3904 Talente)
1140 3839 1179 3890 als
1210 3841 1317 3905 Gegen-

204 3904 341 3971 geschenlx
353 3906 398 3957 fair
410 3908 570 3961 werthvolle
583 3908 712 3960 Gemdlde
725 3910 785 3976 gab.
800 3938 832 3947 -
845 3911 926 3973 alter,
944 3908 992 3960 der
1009 3907 1084 3960 Sohn
1102 3906 1147 3958 des
1159 3905 1316 3958 Ptolemius

204 3972 283 4039 Lagi,
307 3972 501 4041 Philadelphus
523 3985 654 4043 genennt.
673 4005 705 4014 -
724 3978 939 4040 liberaremus,
962 3976 1084 4028 insolern
1102 3991 1130 4024 er
1149 3973 1219 4025 noch
1237 3971 1316 4025 (lebei

204 4041 243 4093 ist
261 4040 316 4092 und
334 4040 378 4092 die
395 4042 483 4094 Sache
501 4044 577 4095 nicht
594 4060 667 4111 ganz
685 4044 884 4111 durohgehihrt
903 4046 958 4106 hat,
977 4044 1027 4096 ebe
1038 4041 1083 4094 ein
1095 4040 1178 4094 fester
1190 4040 1317 4094 Zustand

204 4125 356 4175 gewonnen
369 4110 413 4162 ist.
427 4130 585 4163 -causam
604 4115 699 4164 docere
716 4112 759 4164 die
775 4113 909 4179 Sachlage
922 4110 1207 4172 auseinsndersetzen3
1226 4109 1316 4177 gleich

205 4177 325 4230 nachher
343 4196 444 4230 causas
461 4178 504 4230 die
522 4178 715 4245 Verhtlmisse,
735 4180 990 4250 Rechtssnsprfiche
1007 4178 1056 4229 der
1073 4175 1236 4229 Einzelnen.

272 4250 295 4297 9.
316 4247 481 4299 commodius
500 4263 704 4314 angemessener
727 4249 772 4301 fiir
795 4249 838 4300 die
855 4247 990 4315 Sachlage
1007 4244 1102 4310 sowol,
1126 4244 1166 4297 als
1183 4244 1230 4297 ffir
1246 4243 1316 4297 sich.
