2826 4748
522 303 591 349 ors,
615 304 639 351 1.
683 302 757 349 car.
781 303 828 351 xr.
922 309 925 315 ·
1187 286 1229 353 25

123 440 227 502 callida
249 441 301 503 sed
317 440 461 502 malitiosa
476 442 550 503 iuris
565 442 816 518 interpretatione.
851 441 894 502 Ex
910 460 968 522 quo
983 440 1065 510 illud,
1089 458 1232 504 summurn

123 530 180 600 ius,
204 544 320 588 summa
341 525 466 600 iniuria,
491 527 601 586 sactum
622 536 667 586 est
680 527 738 585 iam
755 527 856 586 tritum
872 543 1010 587 sermone
1031 526 1232 604 proverbium.

124 607 193 687 Quo
220 613 251 672 in
280 628 391 688 genere
420 613 508 670 etiam
537 613 568 671 in
595 628 628 670 re
657 608 773 687 publica
797 608 886 670 multa
909 621 1083 688 peccantur:
1118 621 1151 671 ut
1171 611 1266 681 illae

125 697 185 774 qui,
209 714 277 756 cum
301 697 420 773 triginta
435 695 550 755 dierum
568 703 667 754 essent
683 712 750 755 cum
766 695 850 755 hoste
866 695 996 756 indutiae
1019 697 1122 765 laetae,
1145 704 1234 758 noctu

123 780 321 858 populabatur
351 798 452 857 agros,
488 778 566 857 quod
594 778 709 839 dierum
739 787 837 840 essent
863 787 979 859 pactae,
1014 799 1071 840 non
1100 782 1231 841 noctium

125 865 265 926 indutiae.
299 864 342 926 Ne
360 873 459 925 noster
473 862 593 944 quidem
608 863 787 943 probandus,
812 866 837 924 si
857 881 958 924 verum
975 871 1034 934 est,
1060 864 1093 935 Q.
1110 865 1233 925 Fabium
1252 874 1284 923 10

125 950 293 1011 Labeonem
316 967 368 1011 seu
392 967 479 1028 quem
504 948 592 1009 alium
617 945 707 1029 (nihil
729 950 807 1008 enlm
830 945 927 1010 habeo
949 957 1068 1027 praeter
1091 949 1233 1026 auditum)

126 1033 272 1095 arbitrum
289 1032 410 1094 Nolanis
432 1041 462 1094 et
477 1031 676 1111 Neapolitanis
699 1033 735 1092 de
758 1032 865 1094 tinibus
881 1053 896 1094 a
912 1042 1015 1094 senatu
1031 1033 1143 1103 datum,
1167 1052 1235 1093 cum

126 1119 163 1180 ad
185 1116 284 1179 locum
308 1119 443 1186 venisset,
466 1136 535 1178 cum
558 1119 691 1196 utrisque
714 1119 872 1194 separatim
896 1117 1043 1187 locutum,
1068 1136 1106 1178 ne
1128 1118 1235 1194 cupide

126 1202 196 1281 quid
219 1210 354 1280 agerent,
385 1220 421 1263 ne
444 1209 634 1282 appetenter;
665 1211 752 1281 atque
775 1212 807 1262 ut
829 1201 961 1280 regredi,
986 1218 1074 1278 quam
1096 1201 1235 1280 progredi

127 1288 258 1349 mallent.
303 1287 333 1347 ld
357 1306 423 1347 cum
454 1287 569 1366 utrique
592 1287 749 1356 iecissent,
778 1288 959 1366 aliquantum
987 1289 1052 1364 agri
1081 1289 1114 1346 ln
1137 1287 1235 1346 medio
1256 1295 1285 1342 11

127 1371 263 1433 relictum
286 1381 340 1432 est.
385 1371 485 1450 ltaque
507 1371 623 1431 illorum
647 1370 720 1431 fines
742 1372 800 1440 sic,
824 1379 857 1431 ut
877 1372 934 1450 ipsi
958 1370 1109 1440 dixerant,
1133 1372 1235 1431 termi-

129 1459 221 1528 navit;
245 1460 276 1517 in
299 1456 396 1516 medio
419 1455 554 1516 relictum
576 1454 742 1534 quoderat,
767 1454 875 1534 populo
891 1452 1028 1516 Romano
1050 1454 1235 1520 adiudicavit.

129 1542 271 1620 [leclpere
294 1541 349 1600 hoe
371 1540 490 1619 quidem
514 1548 574 1609 est,
610 1557 668 1599 non
697 1541 837 1600 iudicare.
882 1539 1025 1610 Quocirca
1047 1542 1079 1600 in
1103 1542 1182 1599 omni
1204 1558 1236 1598 re
1254 1548 1285 1596 12

128 1627 268 1703 fugienda
291 1634 336 1685 est
357 1625 424 1686 talis
445 1624 583 1690 sollertia.

87 1775 89 1778 ,
213 1707 291 1771 Sunt
306 1717 403 1770 autem
419 1708 562 1789 quaedam
578 1708 675 1770 olfieia
691 1709 778 1768 etiam
794 1708 976 1770 adversus
998 1726 1060 1769 eos
1081 1707 1233 1777 servanda,
1248 1713 1287 1775 11

129 1813 145 1856 a
168 1794 303 1872 quibus
324 1795 497 1854 iniuriam
520 1793 725 1872 acceperis,
769 1794 821 1854 Est
843 1794 920 1853 enim
944 1793 1106 1854 ulciscendi
1129 1800 1158 1853 et
1182 1811 1237 1872 pu·

134 1880 234 1940 niendi
256 1879 370 1940 modus.
406 1881 498 1958 Atque
513 1875 592 1938 haud
608 1879 669 1937 scio
685 1897 722 1938 an
745 1880 816 1938 satis
830 1879 874 1945 sit,
901 1896 977 1948 eum,
1000 1880 1051 1956 qui
1066 1878 1238 1945 lacessierit,

130 1967 256 2025 iniuriae
279 1981 349 2024 suae
371 1966 538 2041 poenitere;
562 1972 594 2022 ut
616 1964 730 2040 etipse
752 1981 790 2022 ne
812 1961 883 2041 quid
906 1962 962 2022 tale
984 1962 1116 2041 posthac,
1145 1968 1174 2021 et
1189 1979 1238 2021 oe·

68 2086 71 2092 ,
130 2051 187 2110 teri
210 2051 268 2109 sint
290 2048 325 2107 ad
341 2049 480 2108 iniuriam
496 2045 650 2106 tardiores.
681 2043 731 2106 34.
755 2050 850 2125 Atque
872 2046 902 2105 in
925 2063 958 2106 re
979 2045 1094 2124 publica
1111 2048 1272 2109 maximoe

131 2133 332 2194 conservanda
355 2139 424 2192 sunt
447 2134 511 2192 iura
535 2129 614 2191 belli.
659 2131 731 2191 Nam
754 2149 821 2190 cum
843 2132 902 2190 sint
924 2129 982 2190 duo
1004 2148 1113 2207 genera
1136 2130 1238 2190 decer-

132 2219 221 2288 tandi,
245 2236 336 2278 unum
358 2235 412 2295 per
434 2216 687 2294 disceptationem,
710 2214 834 2275 alterum
857 2232 909 2292 per
925 2217 997 2285 rim;
1020 2233 1146 2292 cumque
1167 2213 1239 2275 illud

130 2303 286 2383 proprium
302 2305 339 2362 sit
355 2301 491 2371 hominis
515 2301 571 2361 hoo
589 2299 758 2361 beluarum:
782 2299 1011 2377 confugiendum
1033 2308 1078 2361 est
1092 2299 1128 2359 ad
1144 2307 1239 2378 poste·

131 2389 203 2457 rius,
226 2390 250 2446 si
275 2390 318 2446 uti
341 2404 398 2447 non
421 2385 490 2447 licet
511 2387 676 2463 superiore.
719 2381 769 2446 35.
795 2384 893 2455 Quare
914 2384 1101 2462 suscipienda
1118 2382 1236 2462 quidem
1256 2385 1271 2432 3

134 2470 208 2535 bella
231 2479 300 2531 sunt
322 2470 359 2530 ob
383 2488 447 2531 eam
470 2488 599 2537 causam,
623 2478 654 2529 ut
669 2471 733 2529 sine
747 2471 855 2529 iniuria
872 2471 902 2529 in
917 2487 990 2548 paee
1007 2471 1131 2529 vivatur:
1154 2475 1239 2548 parta

133 2564 230 2616 autem
253 2557 393 2623 victoria,
416 2553 609 2615 conservandi
633 2555 667 2624 ii,
698 2556 748 2633 qui
766 2571 830 2617 non
853 2554 989 2614 crudeles
1009 2556 1040 2613 in
1064 2552 1156 2622 bello,
1180 2570 1239 2613 non

131 2643 275 2701 immanes
289 2641 418 2699 luerunt,
450 2639 488 2699 Ul
504 2640 631 2700 maiores
646 2640 738 2700 nostri
754 2638 947 2706 Tusculanos,
972 2641 1096 2716 Aequos,
1111 2637 1239 2705 Volscos,
1258 2647 1275 2694 4

134 2822 217 2875 nitier
229 2820 349 2887 angiebt.
361 2849 395 2859 -
407 2822 538 2885 callidus,
551 2819 700 2887 eigentlich
710 2820 946 2887 sachserstindig‚
959 2819 1043 2872 daher
1056 2819 1104 2871 der
1115 2819 1242 2885 folgende

136 2889 249 2943 Znssta.
267 2916 300 2926 —-
318 2905 448 2941 summum
465 2889 511 2941 iae
529 2907 551 2940 e.
570 2889 619 2939 ini.
655 2888 710 2940 Das
729 2898 865 2956 strengste
885 2887 1047 2954 gesetzliohe
1060 2887 1148 2939 Recht
1165 2889 1240 2939 kann

135 2958 185 3010 das
211 2957 317 3024 grdsste
342 2956 502 3009 morelisolre
529 2955 652 3008 Unreolrt
681 2955 748 3008 sein.
774 2985 807 2994 -
834 2966 865 3009 at
883 2958 929 3007 ille
956 2955 1003 3006 der
1028 2953 1242 3007 Lacedimonier

135 3025 309 3086 Cleomenes,
337 3023 389 3075 wie
410 3023 543 3077 Plutarch
570 3022 682 3076 ersihlt.
711 3052 743 3062 -
770 3032 864 3075 noster
891 3040 971 3075 unser
996 3022 1182 3075 Landsmann.
1210 3050 1242 3059 -

135 3095 288 3145 Labeonem
304 3091 353 3143 der
366 3092 470 3144 Consul
488 3092 534 3143 des
547 3091 645 3144 Jslrres
664 3095 712 3144 183
731 3109 755 3142 v.
769 3091 835 3153 Ch.;
855 3091 983 3158 tibrigens
999 3091 1078 3143 sollte
1096 3089 1144 3143 der
1156 3089 1242 3142 Nosne

134 3177 169 3212 zu
188 3168 281 3212 noster
296 3159 429 3226 bezogeu,
449 3159 505 3211 also
524 3159 605 3212 Nom.
622 3157 697 3221 sein,
721 3157 759 3211 ist
771 3159 834 3210 eber
847 3176 899 3212 von
912 3160 936 3210 si
948 3176 1040 3210 rerum
1053 3165 1095 3211 est
1106 3157 1244 3224 abhingig

134 3228 273 3295 gemacht,
293 3226 402 3278 ihnliclr
421 3245 444 3279 c.
462 3232 503 3287 20,
522 3231 538 3280 3
556 3226 625 3279 eddo
645 3225 806 3285 utilitatem
825 3226 879 3293 vgl.
900 3243 924 3278 c.
944 3231 968 3287 7,
986 3232 1010 3280 5.
1022 3253 1056 3263 —
1069 3227 1243 3279 auditum=

134 3296 164 3348 id
181 3294 254 3363 quod
279 3293 384 3357 audivi,
408 3293 459 3346 wie
480 3294 509 3345 in
527 3293 602 3346 dicto
621 3293 716 3359 citius,
739 3293 819 3346 solito
839 3294 924 3360 magis
944 3310 969 3348 u.
989 3293 1044 3361 dgl,
1063 3294 1240 3346 -sollertia

134 3362 280 3430 eigentlich
300 3360 550 3415 Gesehiclrlichlreit
567 3364 630 3427 (von
649 3362 704 3429 ars)
725 3362 783 3413 hier
800 3360 967 3414 Schluuheit.

626 3481 696 3531 Kar.
716 3483 756 3531 11.

203 3587 225 3634 1.
245 3584 343 3633 modus
355 3580 399 3633 ein
414 3580 504 3634 Meess
516 3604 550 3624 =
562 3580 624 3632 eine
636 3580 761 3632 Grinnes
781 3579 833 3632 wie
844 3580 937 3633 Horas
953 3581 1012 3636 Sat,
1026 3579 1049 3644 Ι,
1065 3584 1089 3645 1,
1108 3583 1156 3632 106
1168 3587 1244 3645 sagi:

136 3648 188 3701 Est
206 3649 300 3701 modus
318 3649 347 3700 in
366 3649 454 3710 rebus,
473 3656 539 3701 sunl
557 3648 626 3700 certi
644 3647 761 3716 denique
775 3648 850 3700 fines.
864 3676 897 3686 -
909 3649 986 3699 haud
1003 3649 1058 3699 seio
1072 3664 1109 3698 aa
1121 3645 1243 3698 bezeich-

136 3724 183 3770 net
200 3715 279 3768 einen
298 3716 421 3780 Zweilel,
438 3716 488 3767 der
505 3732 555 3767 zur
573 3715 722 3782 Bejahung
741 3716 831 3782 neigtr
856 3732 936 3767 unser
959 3715 1013 3765 ich
1032 3713 1131 3767 weiss
1150 3713 1245 3766 nicht

135 3785 175 3836 ob
195 3784 269 3850 neigt
286 3800 336 3835 sur
353 3783 546 3849 Verneinnng3
570 3782 654 3835 daher
675 3783 749 3835 steht
768 3782 803 3834 im
821 3781 1015 3834 Leteinischen
1033 3781 1077 3834 die
1094 3781 1245 3849 Negation,

134 3869 178 3904 wo
195 3852 235 3904 sie
253 3851 289 3904 im
307 3850 461 3903 Dentschen
481 3850 557 3902 nicht
574 3851 654 3910 steht,
675 3850 732 3902 und
750 3850 924 3916 umgekelrrt3
943 3849 996 3915 vgl.
1014 3866 1038 3901 o.
1052 3855 1095 3916 21,
1113 3855 1128 3903 8
1147 3867 1173 3902 u.
1192 3849 1245 3911 ΙΙΙ,

135 3924 162 3984 2,
179 3924 203 3972 3.
222 3922 263 3984 12,
280 3924 304 3971 4.
323 3923 364 3981 29,
384 3924 410 3971 8.
424 3947 457 3956 -
474 3918 545 3969 satie
563 3919 601 3968 sit
620 3917 856 3969 nimlichfrirden
870 3916 1049 3984 Beleidigten.
1062 3919 1246 3987 -poenitere

136 3985 190 4038 leid
207 3986 316 4038 werden
335 3986 364 4039 in
383 3985 468 4052 Folge
486 3984 534 4036 der
552 3986 674 4048 Stroien,
693 3984 749 4051 vgl.
764 3985 800 4049 ΙΙ,
814 3990 840 4051 5,
852 3990 876 4037 8.
888 4014 921 4024 —
935 4002 969 4037 ne
984 3986 1051 4053 quid
1063 3987 1118 4037 tole
1129 3986 1245 4053 posthac

136 4053 186 4107 mit
207 4052 256 4106 der
272 4053 378 4124 Ellipse
399 4054 446 4105 des
474 4051 604 4105 Verbams
629 4050 821 4120 (committat),
839 4052 892 4104 wie
908 4052 937 4104 in
957 4070 990 4104 ne
1008 4051 1074 4120 quid
1092 4060 1192 4105 temere
1211 4053 1246 4118 (o.

136 4125 179 4188 24,
199 4123 234 4187 1),
253 4121 371 4189 nequid
390 4120 482 4180 nimis;
502 4119 555 4186 vgl.
573 4119 612 4183 II,
632 4125 672 4183 10,
692 4125 732 4172 10.
751 4150 783 4158 -
802 4122 941 4172 tardiores
960 4119 1064 4172 minder
1081 4120 1198 4186 geneigt
1211 4149 1245 4157 -

136 4191 301 4256 disceptatio
325 4189 376 4240 wie
399 4189 557 4254 altercatio,
580 4189 624 4240 ein
643 4188 731 4240 Streit
752 4188 802 4240 mit
818 4189 950 4251 Worten;
976 4188 1028 4254 vgl.
1053 4205 1075 4239 c.
1097 4193 1137 4255 tu,
1156 4194 1180 4240 3.
1203 4192 1245 4254 19,
