2826 4748
635 284 684 331 Du
708 283 858 333 currens

388 418 423 485 '0
446 421 708 501 domorumque,
731 419 789 482 oco
810 438 901 498 quom
923 418 1044 497 dispari

338 507 503 570 Domina're
525 505 666 569 domino!

18 616 72 679 Ἢ
153 594 269 672 equod
291 593 413 672 quidem
434 591 482 654 his
505 590 689 671 temporibus
711 592 743 651 in
765 590 865 651 multis
888 590 957 651 licet
973 589 1084 651 dicero.
1110 585 1181 651 140.
1198 589 1311 653 Caven-

72 728 76 737 .
188 677 259 739 dum
286 685 385 739 autem
415 683 473 745 ost,
503 678 683 755 praesertim
711 676 736 735 si
759 676 823 754 ipse
846 675 994 749 aedifices,
1018 692 1056 734 ne
1080 681 1164 736 extra
1186 674 1310 737 modum

188 769 307 840 sumptu
336 771 367 822 et
395 762 614 839 magnificentia
635 759 779 839 prodeas:
808 777 868 838 quo
894 761 926 820 in
953 775 1065 837 genere
1087 758 1214 819 multum
1238 759 1308 821 mali

25 878 50 929 s
153 848 279 909 uetiam
306 848 338 906 in
366 846 502 924 exemplo
531 853 584 907 est.
631 844 771 905 Studiose
800 846 881 905 enim
904 842 1051 923 plerique,
1075 845 1252 924 praesertim
1275 847 1307 905 in

185 930 263 991 hanc
284 938 410 1009 partem,
433 932 514 992 lacta
536 931 706 1009 principum
729 931 899 990 imitantur:
931 936 963 989 ut
992 927 1025 988 L.
1050 927 1174 999 Luculli,
1198 931 1311 989 summi

185 1015 252 1085 viri,
276 1015 414 1075 virtutem
430 1017 507 1094 quis,
530 1023 561 1075 at
575 1033 665 1095 quam
680 1012 765 1075 multi
781 1011 917 1074 villarum
932 1013 1184 1089 magnificentiam
1199 1014 1307 1074 imitati

186 1100 271 1160 sunt!
294 1099 427 1169 Quarum
456 1099 578 1179 quidem
604 1107 687 1161 certe
716 1105 761 1158 est
783 1097 972 1159 adhibendus
994 1097 1109 1166 modus,
1133 1098 1171 1160 ad
1193 1098 1306 1158 medio·

186 1185 382 1263 unitatemque
406 1183 601 1244 revocandus.
639 1182 809 1262 Eademque
825 1182 1018 1243 mediocritas
1034 1181 1070 1242 ad
1086 1200 1205 1244 omnem
1220 1201 1307 1243 usum

186 1266 359 1346 cultumque
381 1269 458 1328 vitae
481 1267 690 1330 transferenda
713 1274 768 1328 est.
814 1267 874 1328 Sed
895 1267 969 1328 haec
991 1267 1146 1328 hactenus.

136 1364 170 1415 10
274 1349 344 1411 141.
367 1351 402 1412 lu
425 1352 506 1431 omni
527 1360 627 1413 autem
650 1353 766 1414 actione
788 1351 979 1431 suscipienda
999 1353 1057 1411 tria
1077 1358 1147 1412 sunt
1160 1351 1307 1413 tenenda:

185 1438 332 1514 primurn,
360 1444 394 1497 ut
423 1438 573 1515 appetitus
600 1439 710 1499 rationi
737 1449 855 1516 pareat3
886 1455 945 1516 quo
974 1433 1050 1497 nihil
1078 1442 1122 1496 est
1150 1436 1187 1496 ad
1209 1437 1308 1497 officia

187 1519 390 1581 conservanda
405 1521 670 1606 accommodatius:
683 1518 818 1599 deinde,
842 1528 875 1582 ut
903 1520 1165 1596 animadvertatur,
1196 1531 1306 1598 quanta

188 1603 238 1665 illa
260 1623 310 1665 res
332 1607 381 1675 sit,
405 1623 493 1685 quam
517 1600 636 1666 allicere
658 1602 796 1673 uelimus;
820 1610 854 1665 ut
881 1623 956 1665 nevo
978 1607 1084 1672 maior,
1108 1623 1182 1665 neve
1206 1608 1305 1666 minor

185 1707 257 1749 cura
280 1697 310 1749 et
331 1707 422 1768 opera
444 1691 634 1768 suscipiatur,
658 1707 746 1768 quam
769 1706 862 1749 causa
885 1689 1028 1766 postulet:
1052 1690 1177 1749 tertium
1198 1697 1252 1758 cst,
1276 1697 1310 1750 ut

185 1790 350 1842 caveamus,
374 1782 407 1832 ut
429 1790 471 1843 ea,
496 1789 573 1849 quae
594 1775 746 1850 pertinent
767 1771 804 1832 ad
829 1770 986 1834 liberalem
1006 1774 1135 1852 speciem
1159 1780 1189 1834 et
1211 1772 1309 1851 digni·

134 1857 165 1906 11
184 1863 286 1926 tatem,
309 1856 461 1917 moderata
485 1859 555 1918 sint.
597 1857 701 1919 hlodus
728 1864 826 1918 autem
850 1866 896 1918 est
924 1860 1064 1936 optimus,
1089 1857 1180 1918 decus
1202 1861 1303 1935 ipsum
1391 1861 1392 1866 ’

183 1948 296 2010 tenere,
320 1940 432 2020 dequo
448 1948 517 2002 ante
529 1940 666 2012 diximus,
683 1959 739 2002 nec
754 1941 901 2021 progredi
917 1940 1043 2020 longius.
1072 1941 1184 2003 Horum
1207 1949 1307 2004 tamen

76 2055 78 2059 ν
183 2027 275 2085 trium
297 2026 585 2103 praestantissimum
609 2034 662 2095 est,
684 2028 848 2106 appetitum
872 2026 1080 2106 obtemperare
1103 2029 1221 2088 rationi.

135 2120 178 2186 40
271 2105 342 2169 142.
366 2109 514 2189 Deinceps
535 2110 572 2170 de
596 2111 729 2172 ordine
751 2129 879 2172 rerum
901 2119 931 2173 et
953 2110 989 2171 de
1012 2113 1306 2191 opportunitate

183 2198 389 2272 temporum
417 2193 578 2255 dicendum
607 2202 662 2255 est.
707 2195 788 2257 Haec
815 2201 914 2255 autem
950 2196 1074 2256 scientia
1109 2195 1302 2256 continentur

184 2295 227 2347 ea,
256 2296 345 2357 quam
369 2275 476 2339 Graeci
504 2271 658 2352 εὐταξίαν
687 2282 859 2340 nominant:
888 2296 949 2340 non
975 2278 1063 2347 hanc,
1094 2296 1181 2358 mam
1209 2281 1305 2339 inter·

180 2391 335 2473 jambisqhe
346 2390 431 2444 Verre
444 2391 519 2444 eines
532 2392 729 2446 unbekanntcn
742 2392 880 2445 Dichters.
892 2419 926 2472 -s
938 2391 1092 2474 Dominam
1103 2392 1302 2474 =udominaris

183 2458 555 2578 lutzttulstuttu
571 2458 785 2595 illusit?
792 2459 1305 2594 atl}l”;acolt÷1”'di·⁸aitttf

184 2598 245 2645 aten
265 2592 481 2645 Geechlechtern
498 2592 683 2660 angehirten,
708 2594 823 2648 Andern
844 2594 973 2647 verkuult
995 2594 1061 2646 oder
1097 2594 1244 2660 cschenkt,
1262 2595 1307 2648 die

184 2659 457 2729 Emporlmimmlinge
478 2678 582 2714 waren.
603 2690 637 2701 -
654 2663 738 2714 etiam
754 2663 786 2714 in
803 2664 925 2731 exemplo
942 2662 1029 2715 achon
1040 2661 1070 2714 in
1078 2611 1143 2716 {ern
1156 2662 1304 2732 Beispicle,

185 2725 238 2846 dps·
251 2745 314 2847 qaeu
324 2727 437 2847 pudere
455 2729 544 2798 globi,
572 2728 616 2781 die
633 2746 696 2782 zum
714 2728 796 2782 Theil
820 2729 899 2782 nicht
914 2729 960 2781 die
978 2729 1070 2783 Mittcl
1089 2730 1189 2797 haban,
1209 2747 1259 2782 una
1276 2747 1305 2783 es

214 2812 256 2847 erc
276 2802 324 2848 aut
345 2812 390 2851 uu.

184 2812 204 2862 g
252 2869 276 2920 9.
294 2866 325 2916 in
346 2865 421 2916 hunc
443 2872 552 2930 portem
573 2863 674 2932 gerarde
697 2864 768 2917 nach
796 2863 884 2916 dieser
901 2864 976 2917 Seite
993 2864 1050 2917 hin.
1071 2893 1104 2902 -
1128 2866 1159 2917 Ia.
1179 2866 1300 2928 Luculli,

185 2928 232 2983 des
254 2931 412 2983 bekannton
428 2931 581 2984 Feldherrn
598 2931 635 2985 im
657 2938 681 2989 3.
700 2929 937 2985 mithridatischen
950 2931 1065 3000 Kriage,
1083 2930 1179 2985 dassen
1198 2931 1305 2984 Girtcu

185 2997 242 3050 und
264 2999 446 3052 Landhaiuser
467 2998 596 3052 berfihmt
623 3016 716 3053 waren
739 2998 827 3053 durch
850 2998 910 3057 ihre
930 2998 1164 3066 geschneuckvolle
1188 2998 1301 3066 Prucht‚

183 3081 213 3117 so
231 3065 295 3119 dass
313 3083 343 3118 er
360 3065 445 3119 aelbst
462 3065 587 3120 deashalb
604 3065 709 3121 Xerxes
729 3072 842 3135 togatus
860 3072 983 3133 genannt
1000 3066 1104 3123 wurde.
1122 3093 1155 3105 -
1173 3069 1305 3123 uirtutem

182 3133 257 3200 quia,
287 3133 405 3185 nimlich
431 3133 555 3194 imitatus
581 3140 637 3196 csta
666 3135 729 3202 quic
746 3157 780 3179 ==
798 3151 876 3187 nemo
899 3133 951 3187 wie
976 3142 1056 3189 sonat
1083 3137 1302 3205 quotusquisque

180 3216 202 3251 s.
220 3217 247 3252 v.
267 3217 291 3252 a.
311 3200 363 3253 wie
377 3201 490 3268 wenige.
503 3230 537 3239 -
548 3219 631 3257 usum
642 3203 802 3270 cultumque
813 3203 903 3263 uitam
920 3201 1055 3255 daruntcr
1068 3201 1187 3269 hogreift
1200 3201 1298 3257 Cicero

180 3265 329 3334 Kleidnug,
349 3267 542 3339 Hausgertttha
560 3284 587 3323 u.
604 3268 689 3336 dergl.

250 3338 291 3387 10.
312 3334 453 3403 suscipere
470 3335 522 3389 soll
544 3335 608 3388 hier
627 3336 706 3389 nicht
723 3335 799 3389 bloss
821 3336 871 3395 das
889 3335 1094 3395 Unternehruen
1112 3339 1188 3388 einer
1203 3334 1301 3388 Hand·

180 3400 259 3470 long,
281 3400 410 3467 sondern,
428 3402 481 3454 wie
499 3401 544 3454 die
560 3402 646 3456 dritte
663 3402 819 3457 Vorachrift
836 3402 918 3471 zeigt,
938 3404 1009 3457 auch
1024 3403 1109 3455 daec
1121 3401 1302 3471 Ausffihrung

179 3468 367 3533 bezeichnen
390 3470 446 3538 vgl.
466 3474 511 3534 38,
528 3475 554 3523 4.
573 3499 606 3508 -
625 3472 768 3540 appetitur
785 3488 870 3524 unser
887 3472 1012 3525 Streben.
1031 3500 1065 3508 -
1088 3488 1142 3539 quo
1164 3471 1237 3523 nihil
1260 3479 1302 3524 cat

181 3554 280 3589 accom.
304 3537 379 3590 mehr
403 3540 445 3591 als
468 3536 537 3590 alles
560 3536 669 3599 Andere
691 3537 834 3618 qeeignet,
858 3555 875 3588 v
894 3539 915 3592 l.
934 3555 958 3590 c.
980 3541 1117 3604 14,1.-
1134 3546 1167 3591 ut
1184 3555 1252 3593 neve
1267 3568 1301 3577 -

179 3604 481 3750 titillatorii
496 3621 734 3740 attollant
752 3606 1301 3741 0οῑ0000000100ῖο0

179 3743 256 3791 oven
282 3755 404 3806 surgen
431 3740 528 3806 delur,
554 3740 618 3793 dass
641 3748 728 3792 etwas
751 3740 885 3808 geschalis
902 3764 935 3785 =
952 3739 1051 3805 videre,
1075 3747 1116 3794 ut.
1135 3769 1169 3778 —
1193 3742 1300 3793 liberat.

180 3807 295 3873 specim
321 3806 371 3860 das
396 3807 456 3860 edle
482 3808 632 3875 Aeussere,
657 3807 702 3859 die
718 3807 912 3875 Erscheinung
928 3808 1002 3861 eines
1020 3808 1107 3861 freien
1124 3807 1249 3861 Menneu.
1266 3835 1300 3846 -

180 3874 263 3926 decus
280 3874 372 3939 ipsum
400 3875 483 3928 eben
510 3876 559 3930 dea
582 3875 780 3944 Geciemende,
814 3875 1008 3939 Gebirhrsnde,
1035 3876 1090 3944 vgl,
1113 3879 1166 3941 111,
1190 3880 1232 3941 13,
1255 3879 1300 3940 10,

179 3941 230 3993 wie
251 3940 295 3993 bei
312 3940 414 3994 Zahlen
427 3943 546 4013 =ipsos
563 3961 617 3997 xxx
632 3943 691 3996 dies
732 3943 832 3997 erade
849 3949 892 4010 30,
911 3943 988 3998 nicht
1005 3944 1126 4011 weniger
1148 3940 1203 3995 und
1221 3941 1299 3995 nicht

180 4008 264 4063 mehr.
282 4039 311 4047 -
331 4011 443 4076 denqiue
460 4029 554 4080 propr,
572 4011 690 4064 derliber
708 3960 908 4079 llinausgehen.

247 4167 272 4215 1.
290 4163 368 4214 Haec
390 4161 456 4229 geht
488 4161 538 4221 auf
567 4161 633 4215 ordo
661 4098 879 4231 ulrltlp'oplllltuna
909 4178 1072 4223 zusammen,
1089 4160 1145 4229 vgl.
1165 4178 1189 4215 c.
1208 4163 1250 4226 25,
1270 4165 1296 4214 5.

177 4227 231 4282 Dio
249 4222 370 4295 εὐταξία
397 4229 455 4282 und
478 4228 598 4282 nuchhar
619 4229 664 4282 die
681 4229 811 4285 madoci·
828 4232 940 4285 werden
958 4230 1024 4283 uber
1036 4228 1098 4282 eine
1113 4227 1230 4282 scientie
1247 4245 1297 4295 ge-
