2826 4748
381 277 450 325 urs.
474 277 524 324 111.
569 276 644 325 cnr.
667 274 792 324 xxvur.
816 277 914 323 xxvx.
1149 261 1210 325 181

96 414 175 478 enim
199 415 426 478 iusiurandum
449 417 606 477 affirmatio
629 413 778 492 religiosa.
824 415 909 487 Quod
932 422 1030 477 autem
1054 416 1208 487 affirmate,
1227 429 1244 476 4

96 503 182 580 quasi
210 501 265 561 deo
294 508 384 569 teste,
414 502 599 578 promiseris,
631 499 661 560 id
683 499 843 560 tenendum
867 506 920 560 est.
964 500 1026 559 lam
1050 501 1127 560 enim
1151 519 1210 561 non

96 587 230 646 adirem
253 586 389 653 deorum,
419 600 495 660 quae
522 583 603 645 nulla
626 591 679 653 est,
703 584 757 644 sed
778 583 816 644 ad
839 584 980 644 iustitiam
1011 592 1040 644 et
1062 584 1098 645 ad
1121 584 1209 645 tidem

95 672 235 751 pertinet.
281 669 355 730 Nam
380 668 534 744 praeclare
556 668 684 728 Ennius:
1229 682 1245 730 5
1277 669 1279 674 ’

202 754 226 814 0
247 756 342 814 Fides
364 756 457 829 alma,
481 762 557 830 opta
572 755 687 828 pinnis,
710 758 740 812 et
761 755 975 814 iusiurandum
996 755 1085 815 Iovis.

94 838 151 909 Qut
170 841 219 898 ius
233 838 327 917 igitur
341 836 500 897 iurandum
516 837 616 906 violat,
640 839 665 897 is
681 836 785 898 Fidem
802 837 898 905 violat,
915 855 1004 914 quam
1018 839 1050 898 iu
1066 838 1211 916 Capitolio

94 924 220 983 vicinam
243 923 319 983 lovis
342 922 454 1000 Optimi
476 921 605 990 Maximi,
630 928 663 983 ut
676 923 708 980 in
725 922 846 982 Catonis
861 923 995 982 oratione
1011 932 1065 991 est,
1081 924 1211 983 maiores

94 1009 191 1068 nostri
213 1025 279 1067 esse
302 1006 467 1066 voluerunt.

179 1087 251 1152 105.
275 1092 334 1161 „At
367 1091 444 1150 enim
478 1107 516 1150 ne
549 1091 644 1151 iratus
681 1090 800 1168 quidem
834 1089 969 1169 luppiter
1003 1090 1069 1170 plus
1096 1091 1245 1168 Regulos

93 1178 255 1243 nocuisset,
279 1193 366 1252 quam
382 1173 438 1234 sibi
453 1175 555 1234 nocuit
569 1177 634 1255 ipse
648 1173 814 1252 Regulus.“
845 1175 933 1236 Certe
955 1176 980 1234 si
1001 1174 1075 1234 nihil
1098 1176 1208 1236 malum
1229 1187 1244 1236 t
1343 1236 1348 1245 ,

96 1267 185 1321 esset:
216 1261 274 1320 nisi
301 1258 411 1320 dolere.
457 1257 488 1319 ld
517 1266 615 1319 antem
645 1276 704 1319 non
727 1257 816 1318 modo
841 1277 990 1319 summum
1013 1258 1134 1336 malum,
1158 1260 1210 1319 sed
1348 1258 1352 1267 '

93 1362 131 1405 ne
157 1342 268 1405 malum
290 1343 410 1422 quidem
434 1360 509 1411 esse,
533 1345 660 1403 maxima
676 1344 851 1403 auctoritate
865 1342 1036 1424 philosophi
1052 1344 1208 1405 affirmant.

94 1429 226 1499 Quorum
261 1426 380 1504 quidem
414 1435 520 1487 testem
554 1445 614 1488 non
646 1427 849 1496 mediocrem,
883 1428 934 1488 sed
966 1428 1045 1488 haud
1078 1429 1139 1488 scio
1173 1441 1244 1489 ane

94 1514 311 1591 gravissimum,
335 1509 492 1589 Regulum,
516 1510 616 1581 nolite,
640 1529 764 1590 quaeso,
789 1512 965 1591 vituperare.
1011 1512 1106 1582 Quem
1130 1514 1244 1572 enims

93 1597 319 1674 locupletiorem
343 1597 529 1676 quaerimus
560 1614 647 1676 quam
673 1598 844 1674 principem
872 1594 974 1675 populi
996 1596 1133 1666 Romani,
1157 1598 1208 1675 qui

92 1681 240 1744 retinendi
256 1680 347 1742 olficii
363 1699 452 1742 causa
469 1683 633 1741 cruciatum
654 1680 781 1741 subierit
801 1681 1019 1741 voluntarium?
1041 1680 1115 1741 Nam
1131 1681 1208 1758 quod
1230 1693 1261 1741 ιο

93 1768 186 1837 aiunt,
208 1766 329 1827 Minima
351 1764 388 1826 de
411 1764 510 1826 malis:
540 1764 570 1824 id
594 1772 653 1833 est,
683 1773 715 1825 ut
737 1768 865 1843 turpiter
887 1766 995 1844 potius
1019 1783 1108 1844 quam
1132 1765 1210 1825 cala-

93 1853 216 1911 mitose:
240 1867 277 1909 an
301 1858 344 1909 cst
368 1848 462 1909 ullum
484 1852 580 1909 maius
602 1848 712 1909 malurn
728 1849 929 1927 turpitudine?
952 1849 1034 1920 Quae
1056 1852 1082 1910 si
1105 1851 1136 1909 in
1159 1848 1210 1909 de·

92 1935 243 1995 formitate
258 1935 395 2013 corporis
410 1931 500 1993 hahet
514 1931 624 2011 ahquid
640 1933 820 2002 offensionis,
845 1941 953 2008 quanta
975 1932 1024 1992 illa
1040 1932 1211 2012 depravatio

93 2027 122 2079 et
144 2017 269 2079 loeditas
291 2018 450 2095 turpificati
472 2018 566 2078 animi
587 2016 677 2076 dehet
696 2016 807 2076 videri?
839 2013 908 2078 106.
932 2017 1035 2096 ltaque
1057 2017 1209 2078 nervosius
1230 2037 1260 2086 tt

92 2103 144 2182 qui
171 2105 228 2163 ista
256 2102 414 2170 disserunt,
444 2100 540 2161 solum
568 2100 679 2161 audent
700 2100 810 2161 malum
833 2099 933 2161 dicere
956 2101 996 2171 id,
1021 2100 1099 2178 quod
1123 2109 1211 2180 turpe

92 2189 145 2247 sit:
169 2188 221 2263 qui
242 2192 341 2247 antem
356 2187 520 2259 remissius,
545 2185 575 2245 hi
591 2192 689 2246 tamen
705 2203 764 2245 non
780 2185 918 2245 dubitant
936 2203 1086 2246 summum
1101 2184 1211 2247 malum

93 2272 203 2331 dicere.

94 2420 159 2455 men
178 2419 213 2455 zu
233 2401 362 2454 stirchten
381 2402 443 2466 het,
465 2401 584 2453 sonderu
606 2419 663 2454 was
681 2402 730 2453 der
747 2399 803 2452 Eid
821 2418 856 2452 zu
875 2401 1009 2454 bedenteu
1028 2403 1084 2466 het,
1109 2403 1212 2453 lrommt

92 2471 121 2521 in
151 2470 291 2525 Betrecht.
316 2497 347 2508 ·-·
372 2471 527 2537 affirmatio
545 2468 732 2536 Betheuruug,
750 2468 835 2521 daher
853 2471 993 2536 affirmate
1010 2469 1212 2535 betheurungs-

93 2536 181 2589 vveise.
200 2538 312 2588 —lum
330 2537 466 2588 enim...
488 2535 560 2588 deun
589 2553 654 2598 uun,
683 2536 813 2589 nechderu
840 2554 868 2588 es
894 2554 925 2589 so
953 2537 1135 2606 versprochen
1164 2537 1211 2603 ist,

92 2604 180 2670 hiugt
196 2621 224 2655 es
243 2620 398 2654 zusammen
418 2603 467 2655 mit
486 2601 646 2671 (pertinet),
668 2603 706 2655 ist
729 2621 756 2656 es
777 2606 950 2657 untrenubar
972 2622 1027 2656 von
1046 2604 1212 2671 Gerechtig·

94 2671 152 2724 keit
171 2671 226 2723 und
243 2671 344 2722 Treue.

131 2736 136 2744 ⁸
162 2744 187 2792 ὁ.
208 2740 230 2790 0
249 2740 333 2790 Fides
358 2737 513 2817 Trochden.
533 2764 564 2774 —
588 2745 663 2818 opto⁸
679 2738 781 2817 pionis·
800 2738 986 2804 beschwingt,
1012 2755 1055 2790 uus
1074 2739 1134 2790 ihre
1153 2739 1212 2818 All·
1307 2743 1314 2761 ·'

97 2804 1213 2941 tttttttttttht²¹1¹¹tttt,tt,lttlitt,llititttttottltt

95 2949 227 3059 gensnlrlrt.
246 2971 278 2979 -
297 2941 433 3001 oieirrum,¹
459 2938 507 2990 der
530 2938 610 2991 Fides
635 2956 692 2992 wer
719 2940 771 2992 auf
789 2939 849 2991 dem
874 2939 985 3007 Capitol
1012 2940 1075 2993 eine
1098 2938 1213 3008 Kepells

116 3009 183 3061 ewei
203 3015 224 3060 t.

97 3026 115 3076 g
161 3080 188 3132 6.
208 3078 246 3127 At
264 3077 350 3135 enim
369 3072 424 3140 vgl.
443 3074 464 3132 Ι.
485 3079 529 3135 40,
546 3078 571 3127 8.
590 3102 623 3112 -
642 3077 720 3126 Certe
737 3073 921 3140 versicherud,
945 3073 996 3126 wie
1015 3092 1037 3127 c.
1056 3081 1082 3139 8,
1102 3080 1127 3140 2,
1146 3076 1212 3128 eber

93 3142 163 3196 doch
183 3142 307 3210 zugleich
326 3141 546 3193 beschrfiulrend:
566 3141 664 3209 gewiss
682 3140 712 3192 in
731 3142 798 3194 dem
817 3142 952 3199 111111.-
969 3160 1026 3195 riou
1043 3146 1138 3204 modo,·
1155 3143 1210 3210 vgl.

94 3211 163 3263 oben
183 3228 205 3265 o.
228 3215 267 3274 19,
287 3215 318 3273 93
338 3209 460 3276 dagegeu
480 3226 502 3261 c.
522 3213 564 3274 27,
581 3213 597 3261 1
616 3226 671 3261 uou
691 3209 768 3261 modo
789 3226 843 3261 non
857 3211 1006 3271 censuerit,
1025 3208 1212 3264 verumetiam

92 3277 258 3331 dissuaserit.
277 3305 311 3316 -
328 3278 451 3328 maximo
468 3277 651 3336 auetoritute;
676 3293 753 3328 wozu
776 3277 875 3344 gehdrt
892 3277 940 3329 der
959 3278 1089 3330 Abletiv?
1116 3279 1169 3346 vgl.
1189 3278 1212 3344 l,

93 3362 116 3399 c.
134 3351 168 3398 44
197 3351 238 3398 10.

160 3385 185 3466 8’.
205 3414 332 3478 Quorum
354 3419 463 3471 testem
487 3410 611 3464 insolern
636 3410 757 3480 Regulus
780 3411 868 3464 durch
887 3412 933 3477 ,die
951 3412 1027 3465 Thet
1050 3413 1094 3465 die
1111 3412 1213 3463 Wehr-

93 3478 152 3532 heit
169 3480 244 3531 ihrer
261 3479 351 3531 Lehre
368 3480 488 3544 bezeugt
506 3479 561 3531 het.
581 3507 615 3518 -
632 3480 711 3531 houd
729 3480 785 3531 scio
803 3499 854 3540 an,
883 3480 937 3546 vgl.
956 3480 979 3543 Ι,
998 3497 1020 3532 c.
1041 3484 1081 3547 11,
1102 3483 1131 3541 13
1156 3479 1212 3530 und

94 3547 163 3599 tiber
180 3547 253 3599 diese
279 3545 434 3598 adverbiale
453 3544 637 3613 Auweuduug
653 3546 676 3613 Ι,
696 3563 719 3598 c.
733 3551 775 3613 21,
789 3551 813 3603 8,
832 3575 865 3586 -
884 3548 1088 3615 locupletiorem
1106 3553 1213 3612 testem,

92 3631 113 3666 s.
134 3631 157 3667 c.
178 3619 219 3679 ct,
242 3620 264 3666 l.
283 3640 317 3652 ·-
335 3615 474 3665 retinendi
492 3616 593 3681 officim
611 3615 666 3680 vgl.
685 3614 709 3678 Ι,
728 3631 752 3666 a.
770 3618 812 3679 24,
833 3619 857 3665 1.

162 3686 202 3734 to.
221 3681 344 3734 Minima
368 3683 402 3732 de
423 3682 523 3741 mulin
545 3699 567 3734 a.
587 3699 610 3734 c.
630 3684 672 3747 28,
692 3687 717 3733 o.
743 3707 774 3719 ·-·
798 3682 957 3749 turpificati
980 3681 1050 3733 auch
1069 3681 1113 3732 ein
1133 3670 1212 3746 ἅπαξ

93 3743 260 3867 λεγόμενον,
281 3748 332 3800 wie
347 3747 506 3799 mitificetus
520 3747 552 3799 de
565 3748 621 3802 div.
635 3748 673 3815 ΙΙ,
686 3752 731 3813 26,
744 3746 815 3799 nach
828 3747 1020 3814 amplificatus,
1040 3749 1213 3802 sacrificatus

92 3816 155 3882 gebi
167 3815 223 3881 det,
241 3815 307 3868 eber
324 3814 395 3866 ohne
412 3815 475 3867 dress
493 3814 542 3867 des
560 3815 678 3867 Verbum
696 3814 827 3883 turpifico
846 3815 976 3867 existirte.

162 3888 202 3935 11.
221 3884 370 3935 nervosius
387 3911 421 3920 -
439 3883 599 3941 remissivum
617 3900 671 3934 vou
688 3881 741 3933 deu
759 3882 871 3935 Selenen
890 3881 936 3934 des
949 3883 1070 3952 Kiirpers
1089 3883 1146 3935 und
1163 3883 1212 3935 der

92 3950 272 4018 Bogensehne
284 3955 477 4001 entuommeue
489 3949 600 4015 Bilder;
619 3949 669 4002 der
682 3951 840 4021 Gegensetz
855 3967 890 4001 zu
903 3951 1042 4003 remissius
1055 3950 1092 4003 ist
1103 3951 1211 4017 eigent·

93 4016 147 4069 lich
164 4017 344 4071 contentione
363 4016 471 4068 maiore.
508 4018 547 4068 So
564 4024 629 4084 segt
647 4016 707 4070 cta.
727 4016 776 4068 Or.
796 4021 842 4070 36:
862 4016 977 4070 Dicetur
995 4035 1050 4071 non
1071 4018 1211 4084 Peripate·

93 4084 209 4138 tioorum
228 4102 310 4149 more,
329 4083 376 4137 sed
394 4083 538 4152 eliquanto
562 4084 712 4138 nervosius.
748 4083 856 4137 Daher:
881 4086 1007 4138 omnibus
1031 4085 1121 4138 nervis
1145 4102 1211 4137 con-

92 4152 205 4204 tendere
217 4170 244 4205 u.
257 4171 297 4216 e.;
317 4151 389 4204 also:
407 4150 553 4217 kriftiger,
564 4151 772 4205 eutsohiedeuer
784 4180 818 4190 -
831 4151 934 4215 milder,
947 4153 1053 4206 minder
1064 4160 1167 4218 streug.
1179 4181 1213 4192 -

93 4220 142 4286 poi
154 4220 210 4272 isto
222 4221 377 4281 disserunt,
397 4218 580 4282 dissentirem
600 4221 648 4287 qui
661 4227 767 4286 autem,
786 4219 830 4271 die
843 4220 1056 4288 Peripatetiker;
1075 4237 1097 4276 s.
1111 4237 1134 4273 c.
1147 4224 1172 4282 8,
1186 4226 1210 4274 3.
