2826 4748
488 288 556 335 nm.
581 289 602 335 1.
633 287 708 335 cnr.
730 288 803 336 xrx.
827 289 886 336 xx.
1006 321 1009 327 .
1200 273 1242 338 39

127 431 169 490 tia
196 443 293 506 pares.
339 425 397 487 Sed
426 446 486 506 quo
514 427 672 498 difficillus,
705 426 762 488 hoc
783 427 973 505 praeclarius.
1018 426 1138 489 Nullum
1161 428 1239 488 enim
1259 443 1291 493 10

130 520 175 574 est
196 520 330 589 tempus,
361 511 439 591 quod
467 514 578 573 iustitia
607 530 712 573 vacare
734 509 852 572 debeat.
895 508 946 573 65.
968 512 1074 574 Fortes
1097 513 1188 590 igitur
1211 520 1240 572 et
1259 523 1289 572 11

130 597 309 675 magnanimi
333 605 402 657 sunt
429 595 573 666 habendi,
607 615 666 656 non
690 597 740 674 qui
762 596 889 666 iaciunt,
918 596 970 657 sed
993 599 1044 675 qui
1066 596 1240 676 propulsant

128 682 279 742 iniuriam.
324 679 398 741 Vera
427 690 524 742 autem
558 690 586 743 et
614 684 735 760 sapiens
764 682 854 741 animi
882 681 1054 760 magnitudo
1082 682 1239 742 honestum

126 764 215 835 illud,
239 766 317 844 quod
340 765 466 826 maxime
487 773 592 827 natura
616 768 764 843 sequitur,
794 769 824 826 in
847 766 933 826 lactis
955 768 1098 845 positum,
1127 784 1187 828 non
1209 766 1239 827 in

127 851 221 929 gloria
234 850 354 920 iudicat,
377 851 602 929 principemque
618 868 650 911 se
666 869 731 911 esse
746 849 864 920 mavult,
881 868 968 930 quam
984 851 1085 911 videri.
1121 851 1241 914 Etenim
1260 854 1291 902 12

131 936 182 1015 qui
206 952 240 995 ex
270 951 374 996 errore
401 937 559 1013 imperitae
586 935 784 997 multitudinis
818 936 944 1014 pendet,
979 934 1028 995 hic
1060 937 1091 994 in
1126 937 1240 1014 maguis
1260 948 1291 997 13

126 1022 200 1082 viris
227 1037 286 1080 non
310 1028 354 1080 est
374 1015 539 1080 habendus.
582 1019 734 1081 Facillime
765 1026 861 1080 autem
889 1020 924 1079 ad
954 1038 1003 1080 res
1031 1021 1156 1081 iniustas
1183 1022 1239 1080 im·

128 1103 258 1185 pellitur,
282 1111 315 1164 ut
337 1106 461 1182 quisque
476 1103 617 1165 altissimo
640 1107 739 1165 animo
762 1112 816 1174 est,
840 1103 951 1183 gloriae
973 1104 1144 1184 cupiditate.
1183 1104 1240 1175 Qui

127 1189 210 1251 loeus
234 1196 277 1248 est
299 1206 370 1250 sane
396 1188 543 1259 lubricuS,
567 1188 645 1269 quod
660 1191 708 1250 vix
733 1190 889 1259 invenitur,
913 1192 973 1269 qui,
997 1188 1150 1250 laboribus
1176 1207 1241 1250 sus·

126 1274 221 1353 ceptis
243 1272 442 1352 periculisque
465 1273 566 1342 aditis,
590 1291 648 1334 non
671 1276 754 1354 quasi
775 1274 944 1336 mercedem
967 1291 1069 1334 rerum
1091 1282 1240 1352 gestarum

124 1358 276 1420 desideret
298 1357 434 1435 gloriam.

211 1438 262 1504 66.
286 1441 413 1503 Omnino
436 1444 521 1504 fortis
542 1443 656 1503 animus
678 1450 707 1502 et
722 1460 845 1520 magnus
869 1441 983 1503 duabus
998 1441 1087 1502 rebus
1109 1444 1236 1503 maxime
1249 1449 1292 1513 20

126 1529 276 1588 cernitur:
300 1545 425 1606 quarum
441 1546 498 1587 una
519 1528 548 1587 in
573 1544 672 1588 rerum
686 1536 875 1587 externarum
892 1526 1084 1605 despicientia
1107 1528 1236 1606 ponitur,

127 1630 194 1673 cum
210 1629 386 1691 persuasum
402 1615 450 1686 sit,
469 1610 544 1672 nihil
560 1611 718 1680 hominem,
743 1613 800 1672 nisi
815 1613 893 1691 quod
909 1611 1068 1672 honestum
1083 1611 1239 1672 decorum·

125 1715 186 1777 que
207 1698 254 1765 sit,
277 1704 328 1756 aut
348 1697 488 1757 admirari
509 1705 559 1758 aut
581 1705 683 1777 optare
706 1705 757 1756 aut
772 1705 911 1776 expetere
934 1704 1081 1775 oportere,
1104 1695 1240 1774 nullique

127 1800 223 1861 neque
245 1778 361 1842 homini
389 1799 485 1860 neque
507 1781 725 1859 perturbationi
755 1783 845 1842 animi
867 1798 922 1842 nee
944 1781 1080 1842 lortunae
1103 1798 1240 1841 succum·

124 1865 207 1926 bere.
252 1865 348 1927 Altera
371 1874 416 1926 est
437 1884 495 1934 res,
520 1874 561 1936 ut,
585 1885 651 1927 cum
674 1868 713 1926 ita
736 1870 779 1926 sis
802 1866 922 1927 affectus
945 1869 1063 1934 animo,
1094 1873 1127 1926 ut
1149 1881 1273 1945 suprad

124 1950 200 2020 dlxi,
235 1967 283 2010 res
305 1967 392 2029 geras
415 1968 536 2027 magnas
556 1948 622 2011 illas
643 1950 765 2029 quidem
789 1960 818 2010 et
839 1952 966 2010 maxime
994 1951 1096 2017 utiles,
1132 1949 1183 2010 sed
1207 1957 1239 2010 ut

125 2032 318 2096 vehementer
340 2035 448 2095 arduas
469 2033 630 2112 plenasque
652 2033 788 2095 laborum
804 2042 834 2094 et
855 2033 1056 2112 periculorum
1079 2052 1145 2094 eum
1162 2036 1239 2095 vitae

126 2129 191 2180 tum
212 2118 372 2180 multarum
395 2137 510 2189 rerum,
544 2137 619 2198 quae
647 2119 684 2178 ad
716 2120 803 2179 vitam
834 2121 992 2198 pertinent.
1045 2114 1096 2179 67.
1127 2119 1274 2183 ilerum3

125 2220 227 2265 rerum
243 2203 367 2265 duarum
384 2203 525 2284 splendor
546 2205 650 2273 omnis,
675 2204 848 2283 amplitudo,
871 2203 948 2264 addo
964 2206 1053 2264 etiam
1070 2201 1237 2271 utilitatem,

125 2438 237 2508 praeci,
263 2437 378 2490 nimlich
400 2444 443 2490 est
460 2455 569 2490 servare
588 2438 767 2506 aequitatem,
791 2454 850 2489 enm
870 2444 1011 2502 proestare
1029 2437 1153 2489 omnibus
1172 2454 1239 2489 con·

122 2505 250 2575 cupieris.
267 2534 300 2543 —
319 2507 414 2557 debeat
433 2505 570 2557 sibenden
590 2505 758 2558 Cou'unctiv
775 2505 830 2571 vgl.
848 2505 884 2564 ΙΙ,
904 2510 946 2569 14,
966 2510 989 2558 1.

191 2578 231 2625 11.
250 2581 357 2625 natura
375 2573 423 2625 das
437 2573 591 2625 nattirliehe
604 2576 645 2625 Ge
660 2573 706 2625 fibi
718 2573 764 2625 des
777 2573 935 2629 Meuachen.
947 2601 981 2610 —
993 2573 1071 2640 sequi
1088 2590 1144 2625 rem
1163 2572 1241 2624 einer

124 2641 213 2694 Socho
231 2640 404 2708 nachgehen,
426 2640 465 2692 sie
487 2658 537 2693 vor
556 2642 654 2706 Augen
673 2641 778 2706 haben3
802 2641 856 2707 vgl.
880 2657 905 2694 c.
926 2645 965 2703 11,
984 2645 1008 2694 ὁ,
1028 2669 1061 2677 -
1078 2642 1180 2706 pluria,
1199 2639 1241 2692 als

126 2712 283 2790 Gogensatz
302 2725 336 2760 zu
354 2708 450 2773 factis,
468 2709 539 2775 Rus,
566 2708 642 2760 nicht
659 2708 759 2761 Ruhm.
779 2737 810 2746 —
827 2709 980 2790 prinoipem
998 2725 1069 2771 esee,
1090 2708 1159 2759 oben
1179 2711 1239 2788 §3⁷

124 2776 533 2911 {irreprehensibilia
551 2776 781 2911 {titulabit
798 2773 1076 2908 lllJ‘ssfldmolbl'
1089 2775 1239 2895 little

125 2912 237 2964 macheu
256 2910 371 2962 wollen‘⁸
393 2912 500 2963 stdrlrer
518 2928 575 2965 aus.
593 2940 626 2949 -
643 2914 762 2992 pendere
779 2930 820 2976 ex,
843 2927 863 2963 s.
882 2927 904 2962 c.
926 2913 965 2976 18,
984 2916 1008 2963 3.
1028 2943 1060 2952 -
1080 2928 1172 2962 errore
1190 2909 1238 2962 des

124 2979 306 3038 Schwenken.
325 2979 372 3031 das
389 2979 497 3045 irrigo
514 2979 623 3031 Urtbeil
641 2987 679 3031 nst
696 2977 808 3031 deutsch
829 2977 950 3031 dnselbe
969 2977 1039 3030 Bild.
1057 3007 1090 3016 -
1107 2979 1239 3043 facillime

126 3046 184 3098 hier
206 3047 275 3098 fehlt
295 3046 332 3098 im
350 3047 440 3100 ersten
459 3046 556 3098 Gliede
579 3047 703 3116 quisque.
721 3082 755 3091 -
773 3049 850 3099 loeus
869 3048 900 3119 (s,
919 3064 942 3098 c,
961 3050 987 3107 6,
1006 3046 1031 3112 1)
1050 3047 1174 3098 lubricus
1192 3045 1236 3098 ein

123 3114 300 3181 schwieriger
318 3114 425 3179 Punkt‚
442 3114 579 3166 insolerne
596 3115 645 3166 der
662 3113 782 3182 Ehrgeiz
802 3113 871 3167 anch
889 3113 948 3166 sein
967 3116 1055 3166 Gntes
1073 3113 1132 3166 hat.

622 3269 691 3321 Kar.
710 3271 751 3321 20.

189 3355 211 3407 1,
230 3351 374 3402 honestum
394 3353 576 3418 decorumque
592 3350 693 3403 sittlich
713 3351 769 3403 und
787 3350 944 3417 anstdndig,
963 3357 1078 3402 crateres
1097 3350 1171 3402 mehr
1191 3350 1238 3403 das

121 3417 218 3470 iuuere
235 3419 346 3484 Wesen,
364 3418 491 3471 letzteres
510 3419 586 3471 mehr
604 3418 647 3471 die
665 3419 773 3471 iussere
790 3417 964 3471 Erecheinuu
1000 3417 1164 3484 botreffend,
1181 3437 1198 3469 v
1219 3418 1238 3469 l.

123 3503 147 3541 e,
167 3490 209 3550 27,
226 3490 251 3538 2.
274 3514 303 3523 -
322 3488 396 3538 nulli
419 3504 507 3554 neque
530 3516 562 3523 -
585 3505 689 3555 neque;
709 3486 753 3539 die
775 3485 950 3553 Negationen
967 3434 1059 3537 beben
1082 3485 1140 3537 sich
1160 3434 1237 3536 niebt

121 3554 181 3618 anf,
198 3570 279 3604 wenn
297 3553 341 3605 die
359 3554 419 3605 eine
437 3553 485 3606 das
504 3554 615 3621 Garnae,
635 3555 678 3606 die
696 3554 802 3606 andern
819 3554 862 3606 die
880 3552 1025 3605 einzelnen
1043 3551 1140 3604 Theile
1159 3568 1192 3602 ne
1213 3552 1237 3590 '-

123 3638 172 3673 ren
193 3619 247 3687 vgl,
267 3619 303 3683 ll,
323 3625 364 3685 13,
382 3627 406 3674 3.
426 3626 468 3684 24,
486 3627 517 3685 4;
543 3621 572 3673 in
595 3621 724 3675 welchem
750 3621 827 3674 Folle
853 3620 922 3674 euch
946 3567 1237 3672 ειη-1111111166

122 3688 256 3740 letzteren
278 3689 372 3740 slehen
396 3690 485 3752 kann,
507 3688 559 3740 wie
582 3690 688 3742 vorher.
709 3718 741 3727 -
759 3692 801 3741 itu
820 3693 936 3754 effeetus
960 3687 1053 3739 animo
1076 3704 1130 3739 von
1149 3686 1239 3739 dieser

120 3755 254 3823 geistlgen
268 3755 497 3819 Beschnffenheit‚
515 3774 545 3808 so
562 3773 701 3824 gesonnen
720 3757 777 3809 sein
795 3755 849 3824 vgl.
862 3773 884 3807 c.
903 3759 944 3819 23,
958 3758 981 3805 1.
995 3782 1027 3791 -
1039 3755 1105 3807 illae
1118 3757 1238 3822 quidese,

119 3824 175 3890 vgl.
193 3828 235 3889 18,
253 3828 276 3875 4.
295 3840 345 3875 zur
363 3823 582 3892 Hervorhebung
598 3824 646 3876 der
663 3824 808 3879 Prddieate
826 3839 948 3891 magnas,
967 3821 1047 3874 utiles
1071 3821 1106 3874 im
1127 3824 1238 3890 Gegen·

121 3901 182 3943 sota
201 3908 235 3942 au
254 3891 361 3955 arduas,
380 3891 474 3960 plenas
492 3892 593 4009 perie.;
613 3916 646 3936 ==
664 3892 784 3954 Thalen,
806 3890 861 3942 und
875 3905 950 3941 zwar
963 3888 1120 3943 nichtbloss
1134 3907 1237 3958 grosse,

121 3958 240 4011 sondern
265 3959 489 4026 euch-gefahrvo
502 3960 536 4011 le.
556 3989 588 3998 -
606 3963 654 4012 aed
672 3968 718 4023 ut,
737 3958 781 4010 die
800 3955 1019 4024 Wiederholnng
1036 3975 1090 4011 von
1109 3966 1142 4010 ut
1160 3957 1237 4009 dient

121 4025 252 4079 ebenlells
275 4044 325 4079 zur
347 4026 524 4094 Steigerung.
548 4056 580 4064 -
603 4029 678 4080 vitae
700 4044 727 4080 u.
745 4043 838 4078 rerum
858 4024 970 4078 Genitiv
988 4024 1037 4077 der
1061 4026 1163 4077 nihern
1183 4024 1237 4076 Be·

122 4094 270 4161 stimmung
287 4112 322 4147 zn
340 4093 471 4165 pericula.
786 4100 790 4107 ’

190 4167 215 4215 3.
236 4164 386 4216 utilitatem
403 4179 457 4214 von
476 4162 547 4215 addo
566 4162 702 4230 abhingig
719 4161 858 4229 gemacht,
885 4159 1015 4211 wibrend
1033 4177 1061 4213 es
1079 4159 1182 4227 logisch
1202 4177 1237 4212 nu

121 4235 166 4281 est
182 4230 294 4296 gehbrt3
326 4230 453 4283 deutseh:
480 4230 523 4282 ich
541 4238 617 4282 setze
635 4232 704 4282 noch
723 4230 823 4296 hinnu,
848 4228 1037 4289 der'Nutzen,
1057 4227 1173 4280 nimlieh
1192 4228 1239 4279 fair
