2826 4748
479 280 548 326 uua.
572 279 608 327 n.
644 278 719 326 err.
743 279 816 325 xix.
840 279 898 326 xx.
1180 262 1239 326 119

126 429 178 482 aut
199 439 250 481 eos
272 417 406 490 laedunt,
434 437 508 499 quos
535 437 594 478 non
618 417 743 488 debent,
767 427 816 479 aut
838 436 898 489 eos,
922 436 996 498 quos
1019 436 1079 478 non
1103 417 1236 497 expedit:

124 509 152 566 si
175 504 385 583 imprudentes,
409 504 607 582 negligentiae
630 511 690 572 est;
714 504 738 564 si
761 505 898 570 scientes,
923 505 1109 563 temeritatis.
1149 501 1292 564 uteo-14

126 590 196 650 dum
220 591 308 650 etiam
336 597 381 649 est
403 590 592 649 excusatione
615 589 757 649 adversus
779 607 839 656 eoo,
869 606 942 667 quos
964 590 1073 648 invitus
1096 587 1237 657 offendas,

123 692 300 754 quacunque
329 675 438 752 possis,
468 692 561 752 quare
588 675 628 742 id,
658 671 737 749 quod
759 674 877 742 feceris,
905 691 1027 732 neeesse
1057 672 1154 742 luerit,
1182 672 1239 732 nec

128 759 211 819 aliter
232 760 333 818 lacere
354 760 502 837 potueris:
527 759 693 837 ceterisque
716 759 815 836 operis
838 767 868 817 et
890 757 994 817 oificils
1017 759 1073 817 erit
1094 757 1135 826 id,
1160 756 1239 832 quod

130 843 267 904 violatum
291 851 344 911 est,
368 841 629 922 compensandum.

209 925 261 989 69.
285 928 342 987 Sed
377 945 444 987 eum
477 929 508 986 in
541 926 714 987 bominibus
746 925 880 987 iuvandis
911 936 961 986 aut
990 943 1089 987 mores
1110 919 1289 1002 spectari20

129 1021 177 1072 ant
199 1013 317 1072 iortuna
341 1011 448 1072 soleat:
472 1012 552 1073 dictu
575 995 694 1089 quidem
718 1019 762 1072 est
784 1010 930 1090 proclive,
960 1013 1061 1090 itaque
1084 1011 1171 1087 vulgo
1194 1011 1237 1070 lo·

127 1105 267 1174 quuntur,
291 1115 322 1157 se
345 1098 376 1155 in
392 1096 543 1157 beneficiis
558 1096 737 1157 collocandis
752 1113 851 1156 mores
874 1096 1038 1165 bominum,
1062 1114 1120 1155 non
1143 1097 1238 1156 tortu·

128 1200 194 1241 nam
217 1183 310 1261 sequi.
347 1181 478 1242 Honesta
493 1183 586 1241 oratio
610 1188 668 1250 est;
693 1181 744 1240 sed
768 1183 832 1258 quis
849 1188 894 1241 est
916 1180 1044 1249 tandem,
1068 1181 1118 1260 qui
1140 1180 1273 1259 inopis·2

129 1274 160 1326 et
179 1268 283 1346 optimi
309 1268 365 1326 riri
394 1285 500 1326 causae
529 1284 587 1325 non
612 1273 785 1343 anteponat,
817 1269 848 1325 in
872 1284 962 1343 opera
985 1265 1089 1335 danda,
1113 1267 1238 1343 gratiam

126 1351 267 1411 lortunati
290 1358 321 1411 et
342 1351 487 1427 potentis?
509 1353 533 1411 Α
555 1368 613 1428 quo
637 1353 714 1410 enim
732 1350 898 1428 expeditior
914 1358 944 1410 et
959 1349 1085 1410 celerior
1100 1365 1272 1413 remum-3

128 1437 203 1494 ratio
225 1435 290 1495 iore
312 1435 435 1503 videtur,
464 1437 496 1495 in
519 1453 586 1495 eum
609 1434 673 1495 iere
700 1440 745 1494 est
768 1433 900 1494 voluntas
928 1443 1029 1494 nostra
1051 1435 1238 1514 propensior.

128 1517 187 1579 Sed
209 1519 502 1582 animadvertendum
535 1526 580 1580 est
613 1518 794 1597 diligentius,
828 1536 902 1599 quae
930 1527 1035 1579 natura
1063 1536 1166 1578 rerum
1190 1519 1272 1580 site

129 1603 274 1665 Nimirum
291 1607 368 1664 enim
385 1605 470 1682 inops
485 1603 545 1674 ille,
569 1606 594 1663 si
613 1604 708 1665 bonus
724 1612 769 1662 est
784 1606 838 1672 vir,
855 1604 968 1664 etiamsi
984 1602 1098 1663 reterre
1114 1603 1240 1680 gratiam
1338 1660 1344 1675 ,

127 1706 187 1748 non
209 1697 317 1767 potest,
348 1689 458 1749 babere
481 1696 564 1750 certe
585 1697 694 1768 potest.
739 1688 899 1748 Commode
928 1694 1041 1766 autem,
1071 1690 1273 1766 quicunquae

126 1772 210 1841 dixit,
232 1775 387 1851 pecuniam
411 1777 462 1853 qui
484 1773 601 1842 babeat,
626 1792 684 1833 non
700 1771 880 1833 reddidisse:
905 1774 955 1852 qui
979 1771 1156 1841 reddiderit,
1179 1789 1238 1831 non

127 1856 253 1917 habere:
277 1860 403 1935 gratiam
427 1868 525 1918 autem
549 1860 649 1936 etqui
672 1857 820 1931 retulerit,
844 1856 972 1918 habere:
998 1865 1027 1916 et
1050 1859 1099 1934 qui
1122 1856 1238 1922 habeat,

127 1941 275 2002 retulisse.
312 1944 357 2011 nt,
382 1945 486 2018 quise
510 1940 681 2018 locupletes,
704 1942 873 2010 honoratos,
897 1941 999 2002 beatos
1021 1949 1133 2020 putant,
1157 1945 1179 2002 ii
1202 1948 1274 2002 neo

127 2024 252 2103 obligari
264 2026 384 2106 quidem
400 2026 543 2086 beneficio
560 2025 674 2095 volunt;
691 2028 763 2104 quin
780 2027 868 2085 etiam
884 2025 1061 2087 beneficium
1076 2044 1108 2086 se
1124 2025 1240 2087 dedisse

128 2109 321 2180 arbitrantur,
346 2127 411 2171 cum
429 2113 488 2189 ipsi
504 2111 633 2189 quamvis
655 2127 795 2187 magnum
810 2111 928 2190 aliquod
945 2112 1129 2190 acceperint;
1153 2118 1239 2190 atque

126 2195 215 2254 etiam
250 2213 266 2254 a
299 2213 331 2255 se
363 2205 413 2256 aut
446 2193 591 2274 postulari
626 2203 677 2256 aut
709 2196 859 2273 expectari
892 2193 1001 2274 aliquid
1034 2197 1238 2272 suspicantur:

126 2408 250 2478 epricht,
272 2412 307 2464 de
324 2431 351 2464 es
369 2411 428 2465 sich
450 2412 519 2464 doch
542 2411 688 2479 eigentliclr
706 2429 760 2463 von
778 2411 861 2465 selbet
878 2413 1014 2476 vereteht3
1039 2413 1094 2481 vgl.
1111 2414 1135 2480 Ι,
1153 2429 1176 2465 c.
1196 2417 1240 2479 28,

128 2483 158 2529 11
178 2494 203 2532 u.
222 2484 266 2544 29,
285 2485 308 2532 1.
328 2510 358 2516 -
378 2498 445 2548 quoe
464 2498 520 2531 non
538 2481 648 2547 expedit
664 2480 719 2546 vgl.
738 2480 759 2543 Ι,
773 2485 870 2547 32,11,
889 2481 943 2533 nod
956 2481 1015 2533 hier
1033 2485 1058 2546 §‚
1072 2485 1104 2534 14
1116 2497 1240 2549 quecun·

127 2562 180 2612 que
197 2546 292 2613 possis.
311 2576 344 2585 -
363 2550 387 2598 ei
404 2549 595 2614 imprudentes
614 2547 664 2599 boc
682 2547 797 2604 faciunt,

195 2617 236 2668 14.
254 2617 397 2678 adversus,
416 2615 470 2680 vgl.
488 2615 510 2674 Ι,
530 2632 552 2670 c,
571 2621 611 2675 28,
629 2620 652 2671 6.
666 2643 698 2652 -
711 2633 876 2684 quacunque
894 2615 945 2669 uti.
959 2645 989 2653 —
1009 2634 1095 2684 quare
1109 2656 1116 2668 .
1130 2657 1136 2668 .
1152 2656 1159 2669 .
1177 2618 1240 2682 fue-

128 2681 179 2740 rit3
203 2698 300 2733 wovon
324 2681 411 2748 hingt
432 2682 480 2733 der
497 2682 666 2735 Relativsatz
690 2683 744 2735 ab?
761 2712 794 2720 -
817 2685 927 2750 officiis,
950 2701 971 2737 s.
989 2683 1012 2750 I,
1033 2701 1056 2735 c.
1074 2689 1115 2748 43,
1133 2689 1148 2737 3
1167 2701 1240 2737 com-

128 2747 344 2805 munitas-id
363 2753 435 2816 quod
454 2751 588 2801 violatum
610 2758 658 2813 eet,
677 2750 825 2816 eigentlicb
850 2749 893 2813 id,
918 2750 947 2802 in
975 2767 1029 2818 quo
1051 2750 1181 2803 violatum
1200 2759 1241 2804 est

129 2815 192 2877 (wie
210 2815 262 2879 III,
281 2821 323 2881 20,
342 2818 387 2882 6);
408 2816 465 2869 Cic.
480 2817 513 2868 ed
527 2817 589 2869 forn.
609 2816 642 2886 V,
653 2822 677 2880 8,
696 2824 725 2871 3:
745 2817 774 2869 Si
793 2834 862 2886 qnae
879 2817 1037 2870 inciderunt
1055 2835 1110 2870 non
1128 2828 1182 2870 tarn
1201 2836 1239 2883 re,

127 2899 208 2951 quarn
234 2901 279 2936 sus
300 2884 389 2936 ieione
414 2884 526 2950 violata,
554 2903 586 2937 ea
606 2915 636 2924 -
653 2884 710 2937 sint
726 2885 819 2936 evulsa
840 2902 873 2936 ex
892 2885 965 2937 omni
984 2886 1112 2938 memoria
1128 2885 1241 2954 vitaque

126 2960 229 3004 nostra.
290 2952 327 3020 gl.
345 2953 445 3005 vorher
462 2956 488 3017 ς.
509 2957 540 3005 12
559 2970 586 3005 u.
606 2970 629 3005 e.
650 2958 683 3006 20
700 2956 725 3017 S.
745 2957 777 3005 14
800 2952 917 3071 qnid-
936 2953 1101 3018 eontendae3
1128 2971 1152 3005 c.
1165 2959 1206 3020 23,
1225 2958 1240 3006 6

127 3019 309 3086 possessiones
328 3020 444 3086 moveri3
464 3020 515 3078 ΠΙ,
535 3026 558 3086 1,
577 3025 593 3073 9
610 3020 783 3073 solitudinem
813 3036 940 3086 unguere.

620 3142 690 3191 Kar.
708 3143 748 3191 20.

196 3227 219 3276 1,
236 3224 355 3288 fortuna
373 3222 417 3275 die
435 3223 590 3291 gibelliche
606 3224 682 3291 Lege
700 3223 853 3285 Jemandes,
871 3222 923 3275 wie
939 3223 964 3291 S.
984 3229 1008 3276 t.
1026 3253 1058 3262 —
1078 3225 1166 3276 soleat
1182 3223 1238 3291 vgl.

127 3290 151 3353 I,
169 3293 194 3354 4,
212 3293 229 3343 8
247 3291 471 3343 conservandum.
491 3320 523 3330 -
541 3293 662 3358 procliue
685 3299 726 3342 eet
748 3308 776 3344 ee
795 3291 862 3358 liegt
880 3292 958 3349 nahe,
983 3308 1045 3344 men
1064 3291 1101 3344 ist
1119 3291 1240 3359 geneigt.

126 3384 159 3395 -
177 3359 272 3426 itaque
291 3357 349 3411 bier
365 3382 399 3402 =
417 3368 446 3411 et
462 3359 512 3424 ite,
530 3359 615 3411 daher
639 3359 687 3410 der
704 3359 766 3412 Ton
791 3361 842 3411 auf
856 3376 881 3411 e.
898 3388 931 3397 -
950 3360 1066 3411 honesta
1085 3361 1176 3412 oratio
1193 3360 1239 3411 eiu

124 3425 329 3478 ehreuwerthee
346 3427 443 3493 Wort,
467 3427 531 3478 aber
554 3427 598 3479 die
616 3427 707 3493 Thac,
730 3427 774 3478 die
790 3426 984 3479 Wirkliebkeit
1003 3429 1119 3494 (notura
1136 3443 1239 3493 reruni,

126 3495 150 3552 §-
169 3492 198 3560 4)
218 3493 371 3562 entepricht
388 3494 443 3546 ihm
462 3494 546 3546 nieht.
567 3525 598 3534 —
617 3514 701 3563 opera
720 3497 825 3558 danda,
844 3494 900 3561 vgl.
921 3498 961 3560 15,
978 3500 1003 3549 4.

194 3564 218 3611 3.
235 3561 294 3625 fere
311 3561 397 3628 meist,
417 3561 605 3629 gewtihnlicb,
623 3563 675 3614 wie
692 3562 721 3614 in
739 3562 787 3614 der
805 3562 972 3614 Redensartz
996 3569 1027 3614 nt
1045 3561 1100 3613 fere
1118 3561 1165 3628 fit;
1183 3561 1238 3627 vgl.

126 3624 148 3685 1,
168 3630 207 3684 18,
226 3632 250 3678 9.
266 3656 299 3665 -
317 3637 423 3680 natura
445 3649 538 3682 rerum
560 3629 604 3682 die
627 3629 833 3696 wurtmulein,
858 3629 902 3681 die
926 3629 1083 3681 natdrliebe
1099 3629 1175 3696 Lege
1192 3627 1239 3681 der

125 3692 224 3760 Dioge.
242 3722 274 3731 -
292 3696 423 3748 nimirum
440 3696 489 3749 mit
506 3698 711 3750 versichernder
727 3698 811 3751 Kraft
827 3721 860 3741 =
878 3696 1029 3753 eicherlicb,
1049 3696 1099 3748 wie
1116 3700 1141 3761 §.
1162 3702 1193 3750 10
1211 3713 1237 3749 u.

127 3778 151 3814 c.
173 3766 215 3824 18,
235 3766 273 3816 13.
286 3790 319 3799 -
330 3765 452 3829 qratiam
470 3768 573 3831 referre
584 3765 670 3817 durch
682 3766 726 3817 die
737 3766 823 3833 Tbet,
841 3783 922 3832 oqere
936 3764 985 3816 mit
997 3764 1121 3827 Worten,
1139 3765 1240 3817 babere

124 3829 161 3880 im
180 3828 298 3882 Hersen.
318 3858 348 3868 —
368 3832 509 3883 Commode
532 3832 627 3898 (dixit)
647 3835 817 3901 quicunque5
838 3832 887 3885 der
910 3833 999 3885 Autor
1020 3832 1067 3884 des
1091 3832 1235 3899 folgenden

126 3896 291 3965 Wortspiele
313 3896 348 3949 ist
366 3897 528 3950 unbekannt
553 3900 618 3950 oder
643 3901 832 3965 unbeetimrnt3
860 3901 909 3952 der
926 3899 997 3954 Sion
1024 3900 1161 3953 desselben
1187 3901 1237 3954 ist:

125 3982 184 4016 wer
202 3964 271 4018 Geld
289 3964 506 4031 zurriekgezahlt
523 3967 579 4030 hat,
599 3967 647 4020 hat
664 3967 974 4033 desselbenichtmeh13
995 3969 1059 4021 eber
1071 3969 1151 4021 Dank
1163 3969 1238 4020 kann

126 4050 190 4085 man
208 4035 340 4100 abtragen
360 4032 416 4085 und
433 4032 502 4085 doch
521 4034 645 4087 nechim
663 4035 772 4086 Hersen
789 4035 925 4090 behalten.

193 4105 216 4153 6.
236 4104 329 4154 beatos
346 4101 482 4169 beglfiekt,
503 4111 632 4169 gesegnet
655 4102 705 4154 mit
723 4102 840 4159 Gritern.
858 4133 891 4142 —
909 4123 938 4155 ee
956 4106 1064 4156 dedisse
1082 4104 1180 4155 arbitr.
1199 4102 1239 4155 eie
1260 4108 1264 4114 '

123 4167 206 4220 seben
225 4185 252 4221 es
265 4170 304 4222 ale
316 4170 378 4221 eine
390 4169 488 4221 Gnade
501 4188 547 4235 an,
566 4169 678 4222 Dienete
692 4170 878 4222 anzunehrueu
893 4189 946 4224 von
962 4171 1082 4223 Andern.
1096 4196 1126 4208 -
1141 4189 1238 4238 quam·

126 4236 169 4286 oie
186 4254 316 4303 magnum
328 4261 362 4282 =
374 4237 417 4290 vel
436 4237 589 4305 maximum,
611 4238 665 4305 vgl.
685 4239 711 4305 I,
729 4255 752 4291 e.
771 4243 812 4302 25,
833 4245 857 4294 5.
876 4267 908 4277 -
926 4247 1009 4306 atque
1028 4241 1119 4305 etiam,
1139 4237 1195 4305 vgl.
1213 4238 1239 4304 I,
