2826 4748
499 301 570 346 nnn.
593 302 616 347 1.
661 301 736 348 cna.
762 302 834 348 xm.
860 303 918 349 xv.
1221 286 1261 351 31

239 435 292 499 44.
316 437 397 500 Alter
420 445 482 498 erat
505 437 587 501 locus
609 441 770 508 cautionis,
803 459 839 500 ne
868 440 1033 519 benignitas
1059 443 1152 503 maior
1175 451 1296 508 essent

156 542 242 605 quam
259 524 421 585 facultates,
453 524 535 594 Quod
553 526 603 601 qui
620 524 808 602 benigniores
824 524 925 586 volunt
938 544 1020 594 esse,
1044 545 1131 605 quam
1147 545 1195 588 res
1212 546 1262 605 pn·

156 613 244 678 titur,
267 610 397 687 primurn
420 610 450 668 in
474 627 509 668 eo
531 617 672 687 peccant,
696 608 773 687 quod
796 611 931 670 iniuriosi
952 618 1020 671 sunt
1042 614 1073 685 in
1097 611 1263 690 proximos:

155 711 228 771 quas
251 695 330 753 enim
353 693 452 770 copias
468 691 515 752 bis
538 700 567 752 et
588 693 768 771 suppeditari
789 696 910 771 aequius
933 703 978 754 est
1000 703 1029 755 et
1051 695 1189 775 relinqui,
1215 713 1265 754 eas

154 779 337 838 transierunt
358 777 394 836 ad
417 776 539 837 alienos.
573 776 652 837 Inest
674 781 824 838 antemio
847 778 898 840 tali
919 778 1096 840 liberalitate
1119 779 1263 859 cupiditas
1281 787 1297 836 8

155 863 329 941 plerumque
350 862 485 940 rapiendi
506 871 536 922 et
556 862 712 922 aulerendi
735 880 787 940 per
803 865 948 933 iniuriam,
973 874 1006 924 ut
1027 864 1063 924 ad
1079 863 1264 941 largiendum

155 954 313 1026 suppetant
336 949 447 1024 copiae.
485 947 589 1007 Videre
606 949 695 1007 etiam
718 945 795 1019 lieet,
818 947 977 1027 plerosque
1000 956 1134 1008 nontam
1158 957 1295 1008 naturae

154 1031 303 1097 liberales,
327 1048 414 1108 quam
437 1031 562 1111 quadam
585 1030 676 1108 gloria
699 1032 810 1100 ductos,
834 1041 867 1093 ut
881 1033 1008 1093 benetiei
1032 1032 1195 1103 videantur,
1222 1037 1261 1092 t'a·

156 1135 225 1177 nere
247 1115 347 1184 multa,
371 1133 446 1194 quae
462 1117 613 1195 proticisci
629 1116 665 1175 ab
681 1118 875 1177 ostentatione
894 1119 994 1195 magis,
1019 1135 1104 1196 quam
1122 1136 1137 1177 a
1161 1115 1262 1178 volun·

154 1209 215 1262 tate
238 1200 400 1260 videantur.
446 1199 524 1260 Talis
547 1209 645 1261 antem
675 1199 821 1261 simulatio
853 1203 970 1262 vanitati
998 1211 1041 1262 est
1066 1204 1262 1269 coniunctior,

156 1304 243 1364 quam
267 1296 317 1345 aut
339 1283 508 1345 liberalitati
531 1294 580 1344 aut
601 1281 760 1345 honestati.
1305 1297 1308 1304 ‘

238 1367 291 1430 45.
318 1369 453 1428 Tertium
482 1377 526 1429 est
555 1371 752 1448 propositum,
787 1371 874 1430 utin
909 1371 1100 1430 beneficentia
1131 1371 1263 1432 delectus
1283 1387 1314 1436 10

157 1463 234 1514 esset
255 1455 420 1532 dignitatis:
444 1456 474 1513 in
499 1470 556 1530 quo
580 1463 608 1515 et
631 1471 728 1514 latores
747 1456 810 1514 eins
833 1463 919 1514 erunt
939 1455 1099 1534 spectandi,
1124 1457 1153 1514 in
1176 1474 1263 1534 quern

157 1538 332 1599 beneficium
355 1539 534 1607 conferetur,
552 1547 581 1597 et
596 1540 711 1598 animus
728 1556 797 1616 erga
813 1557 877 1606 nos,
902 1547 931 1600 et
946 1542 1140 1600 communitas
1163 1558 1196 1600 ac
1218 1559 1264 1600 so·

156 1625 247 1684 elatas
274 1627 365 1692 ritae,
394 1623 481 1683 etad
509 1631 625 1684 nostras
653 1623 792 1684 utilitates
816 1625 911 1685 oldaia
936 1632 1003 1685 ante
1026 1623 1140 1687 collata.
1185 1625 1265 1694 Quae
1286 1639 1316 1686 tt

156 1717 187 1768 ut
219 1716 397 1768 concurrant
429 1708 541 1777 omnia,
577 1706 705 1787 optabile
734 1718 794 1778 est;
828 1711 853 1767 si
882 1711 996 1778 minus,
1031 1708 1133 1789 plures
1161 1727 1265 1769 causae

156 1795 341 1872 maioresque
364 1793 504 1871 ponderis
526 1791 591 1872 plus
613 1789 776 1853 habebunt.

238 1873 290 1941 46.
313 1875 457 1947 Quoniam
485 1885 582 1937 autem
610 1878 717 1937 vivitur
745 1895 803 1936 nou
831 1896 898 1938 enm
926 1877 1065 1957 perlectis
1093 1876 1317 1945 bominibus15

156 1960 302 2038 planeque
324 1961 523 2040 sapientibus,
547 1961 599 2021 sed
622 1979 688 2021 eum
712 1963 762 2036 iis,
797 1963 827 2021 in
851 1960 958 2041 quibus
982 1961 1133 2038 praeclare
1157 1965 1265 2038 agitur,

155 2047 180 2105 si
202 2054 270 2106 sunt
293 2045 448 2106 simulacra
471 2047 600 2106 virtutis:
625 2047 710 2106 etiam
735 2046 790 2105 boe
811 2044 1032 2123 intelligendum
1057 2054 1137 2125 puto,
1173 2048 1267 2105 nemi·

156 2148 224 2190 nem
246 2134 367 2191 omnino
384 2149 447 2191 esse
463 2130 687 2208 negligendum,
709 2132 813 2209 inquo
836 2129 932 2209 aliqua
954 2132 1128 2207 significatio
1151 2133 1267 2191 virtutis

158 2224 314 2294 appareat,-
344 2214 501 2276 eolendum
524 2223 622 2275 autem
647 2233 710 2274 esse
733 2218 773 2275 ita
796 2232 944 2294 quemque
967 2218 1108 2280 maxime,
1133 2224 1165 2275 ut
1187 2218 1266 2293 quis·

156 2319 213 2378 que
229 2303 355 2360 maxime
371 2298 527 2360 virtutibus
542 2295 589 2359 his
604 2298 769 2360 lenioribus
790 2302 845 2361 erit
861 2310 990 2369 ornatus,
1015 2301 1167 2367 modestia,
1190 2308 1266 2360 teut-

156 2386 299 2462 perantia‚
323 2385 378 2444 ltao
400 2387 472 2463 ipsa,
497 2385 533 2445 de
557 2402 612 2462 qna
635 2383 726 2445 multa
749 2387 805 2444 iam
830 2385 907 2445 dicta
932 2393 1009 2451 sunt,
1033 2386 1152 2445 institia.
1191 2384 1297 2445 uana

100 2469 105 2481 '
156 2469 240 2528 fortis
263 2471 375 2529 animus
398 2479 427 2528 et
449 2487 586 2546 magnus,
610 2470 640 2528 in
664 2467 784 2529 homine
807 2487 865 2529 non
890 2470 1022 2547 perlecto
1046 2488 1101 2529 nee
1124 2472 1267 2548 sapiente,

122 2568 126 2572 ’
157 2555 318 2614 ferventior
341 2553 514 2632 plerumque
538 2562 596 2613 est:
630 2551 696 2614 illae
726 2556 847 2614 virtutes
878 2554 988 2614 bonum
1011 2558 1106 2614 virum
1131 2554 1267 2615 videntur

223 2724 247 2774 7.
266 2721 343 2771 loeus
359 2736 381 2770 e.
400 2737 422 2770 c.
441 2725 465 2782 6,
485 2723 514 2780 1;
538 2719 658 2771 nachber
675 2720 796 2772 tertium.
815 2749 847 2758 -
867 2721 947 2784 Quod
970 2721 1032 2787 qui;
1056 2718 1111 2786 agl.
1132 2720 1210 2771 Anna.
1231 2736 1266 2771 zu

155 2787 194 2852 ΙΙ,
214 2792 239 2853 8,
260 2791 300 2838 17.
323 2814 356 2823 -
378 2804 421 2836 res
445 2784 599 2849 familiaris,
629 2787 683 2854 vgl.
703 2787 738 2846 ΙΙ,
759 2791 799 2852 16,
818 2793 841 2840 3.
863 2816 896 2826 -
914 2788 1047 2853 priorum,
1074 2794 1144 2839 statt
1171 2786 1267 2838 deinde

155 2854 226 2920 lolgt
247 2854 322 2905 Inest
345 2863 450 2916 autem3
473 2852 527 2920 vgl.
548 2871 570 2905 c.
590 2859 614 2918 3,
635 2859 650 2906 6
678 2864 777 2906 ant-
796 2865 852 2906 tum
876 2863 981 2917 autem3
1007 2854 1063 2905 und
1086 2855 1123 2921 ll,
1142 2860 1168 2919 9,
1185 2861 1209 2906 4.
1235 2883 1264 2891 —

153 2922 275 2990 proximi
292 2921 336 2972 die
348 2921 453 2973 Nuber-
468 2923 532 2973 oder
544 2921 797 2975 Nficbststehenden
808 2922 832 2973 d.
852 2923 878 2977 b.
893 2921 1094 2988 Angehdrigen.
1116 2951 1146 2958 -
1166 2939 1266 2988 suppe-

156 2991 254 3054 ditari,
278 2989 330 3055 rgl.
361 3006 382 3040 c.
405 2995 461 3054 7,1
487 2989 630 3058 appellari,
649 3020 678 3028 —
698 2992 818 3058 relinqui
837 2989 993 3042 hereditate.
1012 3024 1045 3032 -
1067 2991 1268 3058 periniurium

156 3074 190 3109 un
212 3057 334 3109 erechter
351 3057 450 3122 Weise,
469 3056 520 3108 wie
533 3057 643 3125 pervim
655 3057 878 3124 gewetttnttiger
890 3058 933 3109 W.
946 3082 978 3089 —
991 3059 1081 3124 qloriu
1095 3057 1152 3108 bier
1165 3056 1267 3108 Ruhnr-

155 3142 201 3176 suc
222 3131 242 3179 t.
261 3151 293 3161 -
319 3127 450 3176 uoluntas
474 3125 567 3176 waltre
590 3125 762 3191 Gesinnung,
786 3125 840 3192 vgl.
865 3125 898 3177 nd
921 3128 979 3180 Ate.
1005 3124 1079 3189 v111,
1104 3130 1160 3189 9,1
1188 3123 1267 3191 signa

156 3192 371 3258 conturbantur,
403 3192 501 3260 quibus
531 3192 659 3245 voluntas
690 3211 706 3245 a
731 3193 903 3245 simulatione
934 3192 1067 3259 distingui
1102 3199 1202 3260 posset.
1234 3220 1268 3229 —

156 3261 280 3312 vanitati
298 3260 350 3326 vgl.
371 3278 395 3313 c.
414 3264 456 3321 42,
474 3265 491 3311 4
509 3277 537 3315 u.
556 3264 594 3311 8.·

222 3332 246 3381 9.
266 3335 346 3379 ut-
365 3330 516 3379 uideantur
534 3327 610 3379 nicht
627 3345 689 3380 zum
707 3328 965 3395 Vorhergehenden,
983 3328 1101 3380 sondern
1121 3345 1182 3379 zum
1201 3327 1268 3380 Fol—

155 3394 260 3462 genden
288 3411 322 3446 zu
349 3394 493 3458 beziehen3
521 3394 571 3446 der
587 3394 718 3448 Lateiner
745 3395 811 3447 liebt
836 3413 863 3448 es
883 3395 997 3449 Causal-
1025 3396 1081 3447 und
1108 3395 1266 3448 Finalslitze

154 3461 416 3515 voranzuscbicken.
440 3492 472 3500 -
498 3463 622 3514 Tertium
641 3462 679 3515 als
697 3464 796 3515 dritten
808 3464 910 3516 Punkt.
927 3493 960 3502 -
980 3466 1099 3515 delectus
1118 3464 1266 3529 dignitatis

155 3529 216 3582 eine
241 3529 372 3582 Auswabl
389 3529 417 3583 d.
436 3530 461 3582 h.
482 3531 526 3582 ein
545 3530 724 3583 Unterscbied
744 3531 825 3582 nach
843 3531 891 3583 der
908 3531 1092 3597 wtirdigteit
1115 3530 1168 3596 vgl.
1188 3531 1267 3582 Anrn.

156 3613 191 3648 zu
208 3597 245 3660 Il,
263 3603 288 3661 9,
306 3603 332 3652 4.
352 3632 384 3640 -
403 3616 494 3650 comm.
514 3617 554 3649 ae.
574 3616 627 3652 roc.
647 3601 729 3661 vitae,
747 3617 768 3651 s.
783 3616 805 3651 c.
821 3603 859 3659 16,
874 3604 896 3650 1.
910 3628 939 3636 -
960 3601 997 3650 nd
1015 3606 1102 3650 nostr.
1122 3598 1183 3652 ortt.
1203 3614 1267 3648 ver·

154 3663 237 3716 binde
254 3666 303 3717 ruit
321 3665 420 3717 collata
439 3664 566 3733 (naimllch
584 3667 612 3717 in
629 3668 696 3731 nos).
715 3696 747 3705 -
766 3668 790 3717 si
808 3668 900 3718 minue
916 3665 1089 3732 gewbbnlich
1101 3666 1143 3715 sin
1158 3664 1265 3729 minus;

158 3732 246 3785 minus
265 3733 313 3786 bat
330 3732 359 3784 in
378 3732 465 3785 dieser
483 3733 662 3801 Verbindung
680 3735 730 3786 wie
749 3734 857 3786 minime
877 3733 1003 3800 negative
1021 3732 1191 3800 Bedeutung‚

649 3839 717 3889 Kar.
737 3841 777 3887 15.

224 3924 247 3971 1.
266 3920 295 3985 e'n
315 3922 414 3987 quibus
428 3918 505 3970 nicht
518 3918 566 3970 mit
584 3919 677 3984 agitur
696 3937 729 3970 zu
748 3918 911 3983 verbinden3
931 3919 985 3985 vgl.
1004 3925 1055 3982 3,5
1074 3919 1146 3987 quod
1165 3936 1220 3974 cur.
1234 3948 1267 3956 -

155 3988 298 4053 praeclare
316 3989 412 4053 uqitur
434 4004 463 4039 es
481 3989 555 4039 steht
572 3986 743 4038 rortrefflieb
762 3987 823 4047 (mit
834 3986 897 4049 ihm,
917 4004 977 4038 eum
995 3991 1046 4053 ee).
1065 4017 1098 4026 -
1115 3989 1266 4039 simulaern

154 4054 207 4117 lll,
225 4061 248 4117 3,
267 4059 283 4107 9
300 4055 489 4106 similitudines
512 4054 632 4116 honesti,
650 4054 893 4122 Nacbbildungen3
918 4054 1043 4107 deutsche
1067 4072 1120 4107 nur
1143 4054 1187 4105 ein
1212 4054 1267 4105 Ab·

155 4121 220 4172 bild.
243 4151 276 4160 —
300 4124 382 4173 etiam
404 4123 504 4178 fernen.
526 4122 581 4188 vgl.
604 4122 810 4184 111111-
828 4125 925 4190 ntique
944 4140 963 4177 s.
989 4140 1013 4177 c.
1039 4129 1079 4188 11,
1102 4128 1117 4174 6
1142 4121 1197 4173 und
1215 4121 1265 4183 Ill,

155 4194 197 4248 33,
216 4193 256 4240 12.
274 4218 308 4228 -
326 4191 493 4258 aipnr'fleatio
507 4189 708 4257 Kundgebung,
722 4190 886 4244 Anzeichen.
898 4219 931 4227 —
944 4192 1096 4242 lenioribus
1107 4190 1143 4240 int
1157 4191 1266 4255 Gegen-

156 4264 215 4308 satz
234 4273 283 4309 zur
301 4257 443 4311 fortitudo.
457 4286 489 4295 —
504 4261 555 4310 due
573 4260 635 4326 ipen
655 4258 719 4309 und
738 4257 848 4325 genade,
867 4259 934 4310 eben
956 4258 1004 4311 sie.
1018 4287 1051 4297 -·
1065 4261 1163 4309 bonum
1176 4259 1266 4308 virum
