2826 4748
174 299 216 364 38
621 316 667 361 oe
691 314 839 363 ormcns

173 472 229 534 que
245 455 308 532 ipse
325 452 457 533 populus
472 454 622 514 Romanus
637 455 726 514 animi
742 454 943 531 magnitudine
959 452 1083 514 excellit.
1113 452 1290 516 Declaratur

175 547 270 600 autem
301 538 430 598 studium
459 537 583 599 bellicae
606 537 731 616 gloriae,
765 539 842 619 quod
866 545 976 599 statuas
1010 556 1127 618 quoque
1154 539 1289 600 videmus

176 632 280 684 ornatu
302 625 366 683 fere
388 622 518 682 militari.

124 702 163 765 19
260 703 311 768 62.
336 707 394 768 Sed
418 726 450 768 ea
474 708 564 768 animi
587 705 689 784 elatio,
720 725 795 786 quae
826 708 957 768 cernitur
979 709 1009 766 in
1032 707 1172 786 periculis
1194 714 1224 768 et
1245 709 1289 769 la·

176 792 313 870 boribus,
342 794 366 852 si
389 793 499 853 iustitia
522 801 620 870 vacat,
651 802 820 871 pugnatque
849 811 908 853 non
930 809 985 872 pro
1009 790 1102 853 salute
1125 794 1287 871 commoni,

73 885 74 889 ’
176 877 226 937 scd
250 894 305 956 pro
328 878 388 938 suis
411 877 593 955 commodis,
616 878 647 936 in
669 878 741 936 vitio
764 886 818 936 est.
869 877 934 937 Non
964 878 1042 937 enim
1066 875 1153 936 modo
1175 877 1204 936 id
1229 880 1289 937 vir·

167 963 245 1039 ⁴tutis
267 979 327 1021 rron
351 969 410 1029 est,
442 961 493 1021 scd
517 969 561 1021 est
584 963 683 1038 potius
704 961 909 1029 immanitatis,
933 978 1052 1021 omnem
1073 961 1287 1022 humanitatem

143 1064 157 1111 2
177 1045 357 1123 repellentis.
401 1045 503 1124 ltaque
524 1045 619 1125 probe
642 1045 780 1105 delinitur
802 1046 940 1106 aStoicis
961 1046 1113 1116 fortitudo,
1138 1063 1205 1106 cum
1222 1064 1286 1106 eam

141 1133 314 1194 ‘avirtutcm
349 1148 414 1190 esse
448 1131 551 1190 dicunt
579 1138 814 1209 propugnantem
848 1146 904 1208 pro
937 1131 1092 1209 aequitate.
1143 1131 1287 1202 Quocirca

84 1229 85 1235 ’
174 1234 271 1290 nemo,
295 1216 345 1295 qui
368 1214 551 1275 fortitudinis
570 1214 695 1292 gloriam
718 1225 896 1277 consecutus
918 1223 963 1275 est
983 1215 1097 1276 insidiis
1120 1224 1149 1276 et
1165 1214 1285 1282 malitia,

174 1300 291 1359 laudem
315 1307 359 1360 est
381 1298 515 1377 adeptus.
560 1299 638 1358 Nihil
660 1296 821 1361 honestum
844 1318 908 1360 esse
931 1307 1044 1379 potest,
1074 1299 1152 1376 quod
1174 1301 1286 1362 iustitia

137 1394 262 1449 aracat.
307 1381 357 1445 63.
381 1383 570 1444 Praeclarum
592 1386 684 1462 igitur
705 1384 776 1446 illud
792 1384 937 1446 Platonis:
961 1384 1027 1445 Non
1048 1384 1153 1462 solum,
1181 1386 1285 1465 lnquit,

172 1470 311 1545 scientia,
347 1486 423 1547 quae
451 1475 496 1529 est
524 1479 637 1531 remota
659 1467 695 1529 ab
718 1470 846 1548 iustitia,
881 1468 1026 1529 calliditas
1048 1471 1162 1546 potius,
1197 1487 1286 1550 quam

170 1555 314 1633 sapientia
338 1562 384 1614 est
406 1552 596 1632 appellanda:
631 1572 731 1614 verum
757 1556 841 1614 etiam
865 1556 982 1615 animus
1004 1561 1124 1632 paratus
1147 1553 1181 1613 ad
1206 1555 1286 1631 peri·

171 1637 279 1708 culum,
303 1641 329 1698 si
352 1655 403 1697 sua
428 1637 603 1716 cupiditate,
628 1655 689 1697 non
712 1637 840 1698 utilitate
862 1639 1011 1698 communi
1033 1635 1208 1716 impellitur,
1233 1656 1285 1699 au·

138 1723 272 1784 adaniae
300 1724 399 1802 potius
428 1739 536 1783 nomen
565 1720 685 1788 haheat,
721 1739 809 1799 quam
839 1722 1028 1783 fortitudinis.
1077 1722 1179 1801 ltaque
1208 1724 1305 1784 viros.

171 1809 262 1868 fortes
285 1817 314 1867 et
336 1809 540 1883 magnanimos
563 1806 682 1866 eosdem
707 1807 800 1867 bonos
824 1815 853 1866 et
875 1805 1032 1886 simplices,
1056 1807 1188 1867 veritatis
1210 1809 1288 1866 ami·

172 1909 222 1952 cos
243 1893 422 1969 minimeque
440 1890 559 1952 fallaces
583 1908 646 1951 esse
669 1891 819 1952 volumus:
843 1899 1004 1969 quaesunt
1026 1910 1061 1951 ex
1084 1891 1181 1952 media
1197 1890 1283 1952 laude

138 1978 311 2043 eiustitiae.
355 1973 406 2036 64.
430 1975 487 2036 Sed
510 1975 582 2035 illud
613 1976 746 2037 odiosum
778 1983 836 2045 est,
867 1977 944 2055 quod
973 1977 1003 2035 in
1027 1976 1082 2036 hac
1105 1976 1233 2038 elatione
1256 1984 1287 2036 et

171 2063 374 2139 magnitudine
397 2063 490 2121 animi
513 2060 656 2121 facillime
678 2062 840 2140 pertinacia
873 2069 902 2121 et
924 2062 1013 2120 nimia
1037 2061 1181 2141 cupiditas
1204 2063 1286 2140 prin·

137 2149 284 2226 roipatus
305 2147 480 2206 innascitur.
516 2146 554 2206 Ut
577 2147 656 2207 enim
679 2147 757 2224 apud
773 2146 925 2207 Platonem
949 2154 1001 2215 est,
1026 2162 1143 2206 omnem
1167 2162 1282 2205 morem

170 2230 468 2292 Lacedaemoniorum
492 2230 706 2292 inflammatum
723 2248 786 2289 esse
803 2230 964 2309 cupiditate
986 2228 1138 2289 vincendi:
1163 2230 1220 2299 sio,
1251 2238 1285 2290 ut

170 2318 293 2397 quisque
323 2316 412 2374 animi
441 2313 643 2391 magnitudine
672 2315 798 2374 maxime
827 2312 959 2381 excellit,
993 2317 1034 2374 ita
1067 2315 1193 2374 maxime
1223 2313 1285 2374 vult

136 2403 308 2480 eprinoeps
333 2400 464 2458 omnium
488 2398 534 2458 vel
557 2400 655 2476 potius
678 2397 758 2459 solus
780 2415 855 2458 esse.
888 2398 1014 2459 Difficile
1030 2409 1127 2458 autem
1144 2408 1197 2468 est,
1216 2417 1282 2458 cum

170 2494 324 2566 praestare
354 2482 493 2542 omnibus
523 2485 725 2562 concupieris
760 2501 879 2543 servare
908 2487 1100 2562 aequitatem,
1135 2501 1210 2562 quae
1240 2492 1286 2543 est

137 2572 303 2631 eiustitiae
326 2569 452 2627 maxime
482 2569 612 2646 propria.
663 2568 707 2628 Ex
730 2587 789 2647 quo
811 2567 857 2636 fit,
888 2576 920 2629 ut
947 2585 1045 2644 neque
1073 2567 1284 2646 disceptatione

170 2655 247 2714 vinei
270 2671 312 2723 se,
336 2668 392 2712 nec
407 2651 467 2713 ullo
483 2650 605 2732 publico
621 2671 655 2712 ac
671 2653 804 2731 legitimo
826 2654 891 2713 iure
906 2654 1072 2732 patiantur3
1097 2655 1283 2730 existuntque

170 2743 201 2800 in
224 2736 397 2816 republica
420 2735 597 2817 plerumque
626 2736 783 2816 largitores
813 2745 843 2797 et
870 2739 1002 2811 factiosi,
1036 2743 1068 2798 ut
1095 2755 1166 2815 opes
1194 2755 1283 2816 quam

172 2827 315 2885 maximas
330 2829 558 2899 consequantur,
583 2831 613 2882 ei
628 2823 730 2884 sintvi
751 2825 850 2903 potius
873 2825 1059 2901 superiores,
1088 2840 1175 2901 quarn
1200 2823 1282 2881 iusti-

169 3057 292 3125 Syrakus
316 3055 372 3107 und
395 3055 532 3108 Erbenter
554 3055 603 3107 der
625 3054 727 3108 dritten
750 3054 840 3124 spolia
863 3054 952 3122 opima
974 3059 1023 3106 222
1046 3073 1072 3107 r.
1092 3054 1156 3106 Chr.
1175 3084 1208 3092 -
1225 3057 1284 3120 fere

168 3125 255 3187 meist,
274 3122 464 3191 gewcilrnlioh3
483 3123 537 3190 vgl,
556 3125 595 3189 II,
613 3127 656 3190 20,
674 3130 689 3176 3
708 3141 734 3178 u.
753 3123 807 3188 III,
826 3129 850 3188 3,
871 3127 910 3176 12.

663 3245 732 3296 Kne.
753 3245 793 3293 19.

238 3331 260 3377 1.
280 3326 367 3377 animi
385 3326 469 3376 elatio
487 3325 604 3392 geistige
622 3325 785 3392 Erhebung,
807 3325 896 3377 Muth.
917 3355 949 3362 -
967 3326 1128 3377 immanitas
1146 3325 1217 3377 hier:
1237 3341 1282 3392 ge·

167 3393 356 3460 waltthitiger
368 3393 446 3454 Sion,
459 3393 513 3459 egl.
528 3410 550 3445 c.
564 3397 657 3458 17,13.
672 3421 704 3430 -·
714 3396 744 3445 in
756 3395 824 3444 vitio
836 3411 857 3445 1.
872 3411 894 3445 c.
909 3398 934 3458 t,
944 3397 969 3445 8.
983 3423 1015 3430 -
1027 3401 1131 3445 remota
1142 3417 1176 3437 =
1188 3394 1285 3462 procul

168 3462 223 3530 vgl.
242 3479 264 3512 c.
282 3466 325 3524 44,
344 3464 368 3512 9.
384 3489 418 3497 -
435 3463 541 3512 eosdem
559 3479 580 3513 s.
599 3478 621 3516 c.
639 3464 663 3526 6,
681 3466 706 3513 4.
726 3491 759 3498 -
779 3479 812 3512 eo
829 3463 920 3514 medio
942 3477 972 3512 re
990 3477 1063 3525 esse,
1086 3462 1163 3513 recht
1185 3461 1282 3513 mitten

169 3548 219 3582 aus
241 3528 316 3582 einer
338 3527 426 3581 Saehe
453 3528 551 3580 heraus
570 3528 640 3589 sein,
668 3529 751 3581 daher
773 3529 851 3581 recht
872 3527 1018 3596 eigentlich
1040 3545 1075 3580 zu
1092 3529 1137 3581 ihr
1154 3529 1284 3596 gehdren,

168 3598 217 3648 der
239 3597 330 3649 Kern
348 3595 423 3648 einer
436 3597 524 3648 Seohe
538 3596 606 3649 sein.
625 3624 658 3634 -
677 3598 817 3659 odiosum3
836 3597 891 3663 vgl.
906 3601 993 3657 c.8,8
1012 3596 1152 3648 molestum
1171 3613 1196 3652 o.
1216 3596 1283 3648 tiber

169 3665 259 3717 odium
278 3684 301 3717 c.
323 3670 361 3727 13,
383 3670 422 3719 10.
440 3694 473 3702 -
496 3665 653 3733 pertinacia
676 3664 891 3727 Rechthaberei,
913 3663 967 3730 vgl.
994 3664 1114 3717 nechher
1136 3669 1161 3729 S.
1180 3670 1196 3717 9
1214 3681 1240 3716 u.
1259 3681 1282 3718 c.

169 3738 212 3792 37,
227 3738 266 3784 10.
278 3761 312 3770 -
323 3750 423 3783 morem
435 3751 456 3784 s.
470 3748 495 3787 v.
514 3749 537 3787 1.
551 3739 687 3795 naturam,
700 3732 748 3784 das
761 3748 849 3798 genae
860 3733 957 3783 Wesen
971 3731 1019 3783 der
1030 3731 1095 3784 Lac.
1107 3760 1141 3770 -
1153 3733 1282 3799 aequitas

168 3799 212 3850 die
231 3799 499 3867 Gleichmissiglreit,
523 3800 607 3851 daher
628 3800 732 3853 sowohl
751 3799 978 3867 Genrigsamlceit‚
997 3799 1041 3851 die
1060 3800 1149 3851 nichte
1168 3801 1282 3850 Ausser-

169 3867 351 3920 ordentlicltes
373 3867 502 3934 begehrt,
524 3868 578 3935 vgl.
605 3867 687 3920 Corn⁴
709 3868 779 3936 Nep.
804 3868 940 3936 Thrasyb.
960 3872 986 3933 4,
1009 3869 1048 3920 als
1068 3864 1219 3933 Billigkeit,
1236 3865 1280 3916 die

168 3935 248 3987 nicht
265 3936 341 3987 mehr
357 3935 549 4002 beansprucht,
568 3935 607 3987 ale
625 3935 664 3988 sie
683 3936 794 3988 Andern
814 3936 945 4003 gewilrrt.

236 4007 260 4057 9.
280 4005 443 4070 disceptatio
465 4021 487 4054 s.
506 4020 528 4054 c.
550 4009 589 4064 11,
608 4008 633 4057 2.
652 4033 686 4042 -
703 4007 748 4056 ina
765 4005 905 4073 poblicum
923 4003 972 4055 ‹las
989 4002 1018 4052 in
1033 4000 1209 4052 dffentlichen
1223 4001 1281 4052 An-

168 4071 211 4138 gel
247 4070 373 4122 enlreiten
396 4069 521 4137 geltende
546 4070 648 4135 Recht,
670 4072 764 4124 dessen
787 4071 957 4137 Verletzung
982 4068 1024 4120 die
1046 4067 1148 4120 iudicia
1170 4069 1282 4137 publica

169 4147 228 4190 stra
241 4148 303 4203 ten3
323 4140 369 4190 ius
387 4139 537 4204 legitimum
556 4138 603 4190 das
622 4139 708 4191 durch
728 4143 844 4192 Gesetze
861 4136 1039 4205 festgestellte
1051 4136 1146 4199 Recht,
1165 4135 1281 4189 welches

171 4207 240 4257 auch
258 4205 533 4259 Privatverhailtnisse
549 4206 647 4262 betraf.
666 4237 696 4246 -
717 4209 866 4273 largitores
884 4205 1038 4271 ‹et-sactioai
1063 4202 1138 4256 nicht
1157 4205 1279 4272 Subject,

169 4274 288 4326 sondern
306 4274 444 4326 Pridicat.
463 4303 495 4312 -
515 4292 568 4341 quo
588 4277 664 4340 diff„
687 4277 737 4327 lioc
754 4275 929 4342 praeclarius
941 4294 974 4316 ==
987 4281 1089 4339 quanto
1108 4271 1182 4339 ciffi,
1201 4280 1280 4325 tanto
