2826 4748
490 295 559 342 ma.
583 295 620 340 11.
665 293 741 341 car.
764 295 786 340 1.
811 293 848 340 11.
1196 275 1238 340 85

123 442 256 495 versatus
279 433 397 503 aetatis;
420 433 593 501 existimavi,
616 431 825 492 honestissime
843 428 993 492 molestias
1008 449 1095 509 posse
1117 430 1236 509 deponi,

126 522 153 579 si
176 537 222 578 me
245 518 280 579 ad
302 514 523 597 philosophiam
539 517 721 577 retulissem.
759 514 812 576 Cui
828 533 894 575 cum
918 514 1042 576 multum
1066 515 1238 576 adolescens

126 603 262 664 discendi
278 620 364 662 causa
380 603 523 682 temporis
537 601 723 663 tribuissem:
747 609 940 678 posteaquam
962 599 1128 661 honoribus
1142 601 1238 660 inser-

123 689 186 748 vire
209 689 303 767 coepi,
326 704 434 765 meque
458 693 551 747 totum
567 688 612 746 rei
628 683 766 765 publicae
781 684 907 756 tradidi;
931 693 1044 745 tautum
1061 693 1126 745 erat
1140 683 1237 762 philo-

124 771 247 849 sophiae
274 771 348 841 looi,
383 780 523 851 quantum
560 771 753 849 superfuerat
780 772 944 830 amicorum
975 776 1004 829 et
1029 770 1074 830 rei
1101 768 1238 849 publicae

127 857 263 935 tempori.
309 855 341 915 ld
368 865 466 916 autem
495 873 583 915 omne
609 853 839 916 consumebatur
863 857 892 914 in
916 853 1057 932 legendo;
1088 854 1238 915 scribendi

125 941 217 1002 ouum
247 957 308 1000 uon
337 948 410 1001 erat.
453 937 482 1003 5.
506 939 641 1000 Maximis
670 940 761 1017 igitur
789 940 819 998 iu
850 937 935 999 malis
963 938 1020 999 hoc
1045 946 1146 999 tamen
1169 931 1275 999 honi?

124 1027 252 1087 assecuti
279 1024 427 1093 videmur,
454 1033 487 1085 ut
513 1043 555 1087 ea,
574 1023 681 1085 litteris
708 1022 930 1091 mandaremus,
965 1040 1040 1101 quae
1068 1041 1124 1083 nec
1153 1032 1240 1084 erant

124 1111 197 1171 satis
226 1117 297 1170 nota
319 1110 441 1179 uostris,
472 1118 502 1170 et
524 1118 607 1170 erant
636 1109 806 1187 cognitione
835 1108 1015 1186 dignissima.
1061 1105 1137 1178 Quid
1161 1109 1273 1172 enimn

125 1204 179 1264 est,
195 1213 250 1273 per
266 1195 345 1264 deos,
363 1193 522 1272 optabilius
537 1194 702 1273 sapientia?
717 1193 788 1272 quid
803 1193 1022 1272 praestantius?
1040 1192 1111 1272 quid
1127 1192 1240 1252 homini

126 1279 251 1340 melius?
278 1279 349 1359 quid
371 1278 491 1339 homine
514 1278 650 1356 dignius?
677 1277 761 1339 llauc
783 1280 874 1355 igitur
897 1280 948 1358 qui
972 1283 1121 1356 expetunt,
1144 1276 1274 1355 philo-3

124 1362 211 1444 sophi
233 1365 438 1424 nominantur:
462 1364 690 1443 necquicquam
710 1361 790 1423 aliud
813 1371 858 1423 est
879 1360 1076 1442 philosophia,
1101 1365 1127 1422 si
1149 1362 1240 1422 inter-

127 1450 241 1528 pretari
262 1449 342 1518 velis,
366 1456 488 1527 praeter
516 1447 645 1510 studium
670 1449 845 1526 sapientiae.
889 1448 1040 1526 Sapientia
1064 1456 1163 1508 autem
1187 1455 1276 1520 est,4

128 1533 176 1610 (ut
198 1551 214 1593 a
238 1531 386 1594 veteribus
408 1533 592 1612 philosophis
627 1531 780 1607 delinitum
807 1530 862 1610 est)
891 1549 993 1592 rerum
1019 1532 1183 1593 divinarum
1213 1538 1243 1591 et
1268 1600 1271 1605 ¹

125 1616 321 1678 humanarum
339 1635 573 1696 causarumque,
597 1616 707 1696 quihus
724 1617 780 1678 hae
802 1635 852 1678 res
874 1618 1075 1684 continentur,
1099 1616 1240 1677 scientia:

126 1702 209 1762 cuius
236 1701 363 1763 studium
392 1705 442 1782 qui
466 1704 626 1782 vituperat,
656 1702 734 1763 haud
764 1719 834 1762 sane
858 1699 1004 1779 intelligo,
1028 1701 1169 1780 quidnam
1193 1703 1240 1768 sit,

126 1785 204 1865 quod
226 1785 405 1848 laudandum
428 1795 522 1867 putet.
561 1785 589 1849 6.
615 1787 687 1848 Nam
711 1789 772 1848 sive
795 1785 953 1847 oblectatio
976 1787 1128 1866 quaeritur
1151 1787 1240 1847 animi
1260 1794 1276 1843 5

127 1873 308 1950 requiesque
333 1890 483 1932 curarum:
508 1890 583 1951 quae
611 1871 743 1933 conferri
769 1889 836 1932 cum
865 1888 969 1932 eorum
998 1871 1105 1931 studiis
1133 1878 1242 1948 potest,

126 1958 179 2036 qui
205 1972 326 2034 semper
354 1953 467 2031 aliquid
498 1957 670 2034 anquirunt,
702 1955 780 2035 quod
803 1961 918 2034 spectet
940 1961 970 2014 et
990 1952 1085 2015 valeat
1107 1954 1143 2015 ad
1166 1954 1243 2015 hene

129 2039 275 2119 beateque
303 2040 475 2108 vivendum3
504 2041 565 2101 sive
593 2041 668 2101 ratio
696 2039 881 2100 constantiae
909 2039 1082 2118 virtutisque
1109 2037 1241 2100 ducitur:

127 2131 178 2186 aut
199 2124 274 2187 haec
297 2142 346 2185 ars
369 2131 423 2194 est,
448 2133 499 2185 aut
521 2123 600 2185 nulla
625 2126 754 2195 omnino,
778 2142 943 2203 perquam
967 2141 1017 2184 eas
1039 2141 1242 2202 assequamur.

127 2323 178 2376 mit
199 2323 258 2376 dem
283 2324 494 2394 Hauptverbum
519 2331 580 2376 erat
601 2323 739 2391 beginnen
757 2340 845 2387 muss3
870 2322 924 2390 egl.
947 2322 999 2385 Ill,
1018 2329 1041 2378 7,
1060 2328 1075 2375 3
1094 2339 1119 2377 u.
1138 2339 1172 2374 m.
1191 2323 1242 2377 Gr.

127 2394 151 2453 5.
172 2396 232 2457 147,
251 2398 274 2449 1,
291 2420 324 2431 -
343 2400 393 2461 teor
416 2394 459 2445 ori
476 2391 521 2443 die
531 2390 631 2445 hasart
641 2391 688 2444 des
701 2392 783 2444 Bern.
803 2408 824 2444 c.
845 2407 870 2443 ιι.
888 2389 947 2445 Pal.
967 2391 1010 2455 R,
1029 2389 1131 2442 welche
1149 2389 1245 2442 heines·

126 2458 289 2526 Erklairung
306 2461 387 2512 bedar
405 2481 413 2525 ς
433 2461 531 2512 ebenso
550 2469 613 2526 sagt
630 2459 688 2512 cic.
709 2459 739 2511 in
758 2459 838 2511 Verr.
856 2459 880 2524 1,
899 2463 926 2523 4,
949 2463 980 2511 13
1004 2467 1113 2512 tautum
1131 2457 1245 2538 quisque

126 2526 210 2579 habet
231 2527 260 2579 iu
282 2527 388 2590 Sicilia,
416 2534 550 2597 quantum
575 2527 697 2593 (Verris)
721 2525 845 2580 satietati
869 2526 1016 2607 superfuit.
1054 2526 1102 2578 Die
1129 2525 1243 2593 ubrigen

129 2593 347 2648 Heudschrifteu
370 2595 456 2648 huben
485 2594 538 2647 alle
560 2597 690 2662 temporis
713 2595 780 2646 oder
797 2596 981 2661 temporabat,
1004 2594 1031 2646 in
1049 2592 1180 2646 lliusicht
1197 2592 1247 2646 auf

128 2661 289 2728 amicorum,
307 2662 363 2714 und
376 2663 439 2715 weil
451 2664 481 2715 id
500 2680 578 2714 omne
595 2663 770 2715 eonsumitur
784 2661 904 2713 naohher
916 2661 1039 2728 weniger
1057 2679 1090 2714 au
1109 2667 1243 2730 quantum

127 2728 181 2780 loci
204 2728 244 2782 als
267 2746 301 2782 zu
330 2737 462 2799 quantum
489 2729 622 2798 temporis
668 2737 734 2782 aest.
772 2728 861 2780 Alleiu
891 2729 1085 2781 ebzuweieheu
1113 2747 1166 2782 ron
1194 2729 1243 2781 der

128 2797 272 2849 Antoritdt
288 2796 336 2849 der
354 2797 454 2849 einural
473 2797 630 2850 anethannt
648 2747 745 2848 lescen
762 2795 993 2859 Haudsehrilten,
1012 2796 1081 2848 ohne
1098 2812 1170 2863 ganz
1190 2813 1242 2849 uu-

127 2862 314 2916 abweisbereu
336 2866 446 2929 Gruud,
470 2865 507 2918 ist
528 2864 592 2916 sehr
613 2863 733 2916 misslich
758 2862 824 2933 (egl.
847 2863 956 2931 ΕἰιιΙιιζ.1
976 2866 1003 2919 S.
1022 2867 1038 2917 b
1056 2864 1093 2931 ig.
1114 2881 1139 2916 u.
1159 2863 1240 2918 Anm.

128 2948 162 2983 au
182 2931 204 2991 Ι,
225 2935 247 2998 1,
266 2932 304 3001 d).
339 2933 395 2984 Der
412 2931 546 3000 Singular
564 2931 632 3000 (egl.
651 2932 673 2995 I,
692 2936 717 2995 9,
736 2937 760 2984 6.
779 2936 820 2996 10,
839 2936 863 2984 3.
885 2936 928 2994 ts,
945 2933 975 2995 4)
994 2932 1069 2983 kann
1088 2932 1175 2984 durch
1193 2931 1242 2984 des

131 2999 397 3052 annichststeheude
415 3001 456 3053 rei
474 2999 600 3069 publicae
618 2999 772 3052 veranlasst
793 2999 853 3051 sein
871 2999 937 3068 (egl.
956 2999 979 3059 Ι,
997 3005 1024 3063 4,
1042 3005 1058 3054 8
1077 3016 1243 3052 conservan-

128 3065 192 3117 dum
205 3082 232 3116 u.
247 3067 327 3118 Brut.
339 3071 382 3132 69,
394 3073 444 3121 243
457 3067 604 3120 multorum
618 3067 728 3120 obedire
739 3066 865 3135 tempori,
879 3066 1080 3136 multorumque
1091 3068 1133 3119 rel
1147 3066 1244 3120 honori

127 3133 171 3186 vel
190 3133 313 3201 periculo
330 3134 454 3200 servire),
477 3134 531 3186 und
548 3134 576 3187 id
596 3153 674 3188 omne
691 3136 863 3188 eonsumitur
882 3134 918 3187 ist
936 3135 1014 3187 nieht
1030 3153 1060 3187 so
1079 3136 1244 3204 unpasseud‚

128 3201 163 3254 da
186 3218 249 3253 man
267 3200 311 3253 bei
328 3209 436 3254 tantum
456 3201 509 3254 loci
526 3201 595 3254 doch
614 3221 649 3256 an
667 3203 748 3263 einen
767 3203 925 3256 Zeitraum
940 3202 1032 3256 denkt.
1047 3233 1079 3242 -
1092 3203 1229 3255 scribendi
1235 3223 1245 3263 ‚¹

127 3268 190 3321 wir
212 3285 311 3337 sagena
338 3286 400 3321 auru
423 3269 572 3322 schreiben
595 3289 654 3324 arar
675 3271 755 3323 lteine
778 3270 886 3335 Musse;
910 3270 978 3323 eben
997 3289 1040 3323 so:
1071 3271 1137 3323 belli
1163 3271 1243 3323 linem

128 3337 233 3399 faeere3
257 3337 312 3403 rgl.
336 3356 358 3392 c.
379 3343 404 3404 3,
423 3342 437 3390 7
458 3354 572 3406 quorum
593 3356 679 3391 error.

629 3493 699 3543 Kar.
720 3495 743 3547 2.

200 3576 223 3621 1.
243 3589 291 3623 nec
302 3600 334 3610 —
347 3581 383 3636 et,
402 3572 479 3624 nicht
492 3600 520 3612 -
536 3573 593 3624 ond
611 3574 691 3637 auch,
703 3574 768 3626 *rand
780 3575 866 3639 doch;
885 3575 941 3642 egl,
959 3574 981 3640 I,
995 3579 1036 3638 21,
1049 3578 1073 3627 8.
1088 3603 1114 3610 --
1129 3575 1246 3639 nostris,

129 3638 183 3689 den
201 3636 335 3702 Rdmern,
356 3638 399 3690 bei
421 3638 508 3691 denen
532 3639 576 3691 die
599 3641 776 3711 Philosophie
799 3642 869 3695 noch
891 3642 986 3696 immer
1006 3641 1083 3695 nicht
1101 3641 1244 3708 allgamein

129 3704 264 3771 Eiugaug
280 3704 416 3770 gefunden
436 3706 523 3762 hatte.
542 3710 777 3778 —interpretari
798 3709 968 3771 fiberaetaen,
992 3709 1048 3775 vgl.
1066 3709 1090 3776 1,
1109 3715 1135 3774 2,
1154 3714 1192 3766 10.
1212 3737 1244 3747 -

130 3774 212 3825 aliud
234 3780 361 3840 praeter:
384 3774 594 3854 ungewdltnlioh
618 3776 665 3829 fir
688 3776 758 3839 nisi;
782 3776 838 3842 vgl.
864 3777 898 3828 ad
922 3777 981 3829 Act.
1000 3778 1022 3832 1.
1045 3795 1086 3846 ep.
1106 3782 1130 3845 1,
1150 3782 1173 3830 2.
1194 3777 1244 3830 hoo

128 3847 242 3961 braetot
266 3856 307 3892 me
331 3839 432 3892 nemini
454 3840 572 3895 videtur.
597 3873 629 3882 —
653 3846 735 3896 cuius
752 3846 876 3896 studium
896 3845 946 3912 qui
963 3867 996 3888 =
1014 3863 1071 3898 wer
1090 3845 1173 3911 also;
1194 3862 1245 3897 zur

155 3908 336 3974 ebersetzung
353 3906 441 3960 dieser
458 3907 744 3978 Relativverbinduug
760 3911 815 3977 egl.
836 3913 915 3964 Anm.
937 3928 972 3964 au
991 3915 1015 3975 l,
1033 3919 1074 3975 to,
1093 3918 1117 3966 9.

199 3980 224 4029 5.
245 3977 388 4027 oblectatio
406 3974 565 4044 tertuum,
587 3978 658 4031 Lust
681 3979 737 4032 und
759 3979 940 4047 Vergurigen,
963 3981 1043 4035 meist
1066 3998 1120 4034 uur
1137 3982 1165 4032 iu
1184 3979 1244 4032 dem

130 4044 218 4096 Sidae
236 4043 312 4095 einer
328 4042 448 4097 leichten
466 4043 700 4111 &gestitantem
723 4047 778 4113 vgl.
797 4055 882 4100 unten
901 4065 924 4102 c.
943 4053 967 4107 4,
985 4053 1014 4113 a,
1037 4048 1181 4102 delectatio
1199 4047 1243 4099 ein

129 4111 254 4173 hdherer,
273 4118 410 4163 erusterer
428 4112 545 4175 Genuss,
565 4129 589 4167 a.
609 4114 640 4165 B.
658 4115 682 4177 I,
701 4120 743 4179 30,
761 4119 785 4167 2.
809 4115 845 4167 im
864 4117 1020 4234 Geqlensata
1044 4135 1078 4170 au
1102 4116 1161 4169 dem
1179 4132 1245 4167 vor-

131 4176 319 4243 hergehenden
341 4179 478 4248 voluptas.
501 4207 533 4217 —
552 4182 626 4233 ratio
649 4185 764 4235 ducitur
785 4207 818 4226 =
834 4191 888 4240 rat.
933 4184 1045 4250 ebetat,
1074 4184 1243 4249 constantia,

130 4244 196 4310 s.·I,
214 4249 239 4312 2,
258 4249 273 4298 d
292 4262 319 4298 ιι.
338 4249 382 4314 33,
398 4253 422 4301 3.
441 4275 473 4284 ·-
492 4264 540 4299 urs
557 4247 764 4303 wissenschaft.
