2826 4748
212 298 255 362 88
653 310 702 357 ou
726 309 877 358 onrxous

213 453 293 514 idem
315 454 435 512 iustum.
473 451 518 511 Ex
540 467 598 528 quo
620 449 755 517 efficitur,
778 456 812 508 ut
834 449 974 529 quicquid
996 449 1154 511 honestum
1177 452 1224 520 sit,
1247 450 1327 515 idem

175 539 251 598 esit
273 533 371 617 utile]
408 535 493 606 Quod
522 537 571 613 qui
595 552 700 613 parum
723 535 922 613 perspiciunt,
951 533 983 594 hi
1005 553 1093 614 saepe
1114 544 1250 597 versutos
1271 533 1336 597 ho·-

179 634 196 680 a
214 625 311 683 mines
333 630 364 681 et
385 618 506 680 callidos
521 619 710 689 admirantes,
734 617 873 679 maiitiam
888 619 1062 697 sapientiam
1077 618 1219 681 iudicant.
1250 620 1329 691 Quo·

214 724 280 767 rum
304 722 389 766 error
412 704 583 784 eripiendus
599 711 653 772 est,
678 703 840 783 opinioque
856 707 953 764 omnis
975 704 1011 764 ad
1034 722 1097 765 eam
1121 723 1204 784 spem
1226 705 1330 767 tradu-

214 791 316 858 cenda,
340 799 373 849 ut
387 788 520 848 honestis
536 788 668 850 consiliis
683 789 829 866 iustisque
844 788 940 858 iactis,
964 806 1024 849 non
1042 789 1148 849 fraude
1164 795 1194 850 et
1208 789 1336 860 malitia„

214 894 247 936 se
269 873 438 949 intelligant
459 892 503 943 ea,
527 892 602 953 quae
624 873 725 939 veiint,
750 875 892 952 consequi
915 891 1013 951 posse.

178 966 194 1015 8
300 957 348 1019 11.
371 958 454 1029 Quae
475 976 547 1036 ergo
568 958 705 1018 advitam
722 957 873 1017 hominum
888 958 1029 1018 tuendam
1045 959 1203 1035 pertinent,
1220 961 1327 1037 partim

214 1051 283 1104 sunt
314 1044 458 1112 inanima,
487 1042 667 1112 maurum,
702 1049 872 1119 argentum,
896 1049 999 1112 ntea,
1027 1061 1103 1123 quae
1125 1044 1288 1121 gignuntur
1312 1064 1328 1104 e

212 1138 308 1198 terra,
338 1127 448 1188 utalia
470 1129 590 1205 generis
612 1127 760 1196 eiusdem;
789 1129 899 1203 partim
927 1127 1074 1197 animalia,
1106 1146 1181 1207 quae
1216 1127 1328 1189 hahent

213 1231 281 1273 suos
303 1214 432 1291 impetus
460 1220 489 1271 et
515 1230 617 1274 rerum
645 1213 803 1291 appetitus
847 1211 959 1272 Eorum
987 1220 1085 1273 autem
1115 1212 1172 1273 alia
1201 1215 1328 1273 rationis

178 1298 343 1376 sexpertia
376 1306 460 1362 sunt,
493 1294 548 1356 alia
581 1297 695 1357 ratione
724 1297 847 1357 utentia.
897 1296 1042 1376 Expertes
1070 1298 1210 1373 rationis,
1247 1300 1326 1377 equi,

213 1383 318 1450 hoveS,
347 1381 480 1460 reliquae
507 1380 653 1460 pecudes,
682 1398 769 1460 epm,
797 1398 922 1459 quarum
950 1400 1040 1460 opere
1064 1383 1192 1443 efficitur
1215 1381 1325 1462 aliquid

164 1482 195 1530 tu
214 1467 249 1526 ad
278 1483 364 1526 usum
393 1465 546 1526 hominum
577 1473 664 1546 atque
691 1467 798 1535 vitam;
828 1467 943 1526 ratione
971 1475 1069 1528 autem
1097 1469 1242 1529 utentium
1265 1467 1325 1527 duo

163 1567 193 1614 11
212 1567 322 1628 genera
344 1557 466 1628 ponunt,
491 1550 615 1611 deorum
639 1569 740 1620 unum,
764 1549 888 1610 alterum
904 1549 1065 1611 hominum.
1104 1551 1181 1612 Deos
1196 1550 1328 1629 placatos

212 1639 307 1714 pietas
336 1634 443 1695 efficiet
469 1642 499 1695 et
526 1636 680 1696 sanctitas:
709 1635 844 1713 proxime
872 1642 970 1695 autem
999 1645 1028 1696 et
1061 1636 1224 1696 secundum
1256 1636 1329 1697 deos

162 1738 194 1784 12
212 1717 1123 1798 homineshominibusmaximeutilesessepossunt.
1143 1716 1329 1780 12.Earum·

212 1822 269 1884 que
284 1807 353 1863 item
377 1821 487 1878 rerum,
511 1821 586 1883 quae
610 1810 738 1863 noceant
759 1811 789 1864 et
811 1803 920 1873 obsint,
938 1803 1045 1864 eadem
1056 1804 1162 1864 divisio
1179 1812 1233 1865 est.
1269 1805 1328 1866 Sed

212 1891 278 1967 quia
315 1887 385 1948 deos
418 1904 527 1948 nocere
555 1906 615 1948 non
644 1893 756 1966 putant,
780 1888 826 1949 his
850 1889 981 1967 exeeptis
997 1887 1133 1949 homines
1155 1889 1329 1950 hominibus

213 1973 317 2034 obesse
344 1971 503 2049 plurimum
527 1971 720 2035 arbitrantur.

162 2072 194 2120 13
295 2057 337 2117 Ea
360 2058 438 2118 enim
460 2059 531 2137 ipsa,
556 2076 630 2137 qnae
651 2057 781 2118 inanima
804 2056 947 2127 diximus,
976 2056 1119 2139 pleraque
1141 2066 1210 2120 sunt
1231 2059 1328 2120 homi-

212 2160 280 2202 num
304 2144 403 2220 operis
426 2143 539 2212 effecta,
563 2161 639 2221 quae
662 2159 717 2202 nec
740 2141 924 2212 haberemus
949 2143 1007 2204 nisi
1029 2161 1133 2203 manus
1155 2151 1185 2203 et
1206 2161 1254 2205 ars
1278 2161 1326 2203 ac-

198 2228 365 2301 cessissem
389 2245 444 2287 nec
466 2226 514 2287 his
536 2228 601 2287 sine
624 2226 775 2286 hominum
799 2226 1055 2288 administratione
1077 2237 1239 2289 uteremur.
1277 2226 1326 2289 13.

160 2327 193 2375 14
211 2312 313 2390 Neque
343 2312 421 2372 enim
449 2311 624 2371 valetudinis
653 2311 782 2381 curatio,
812 2328 909 2388 neque
937 2313 1097 2388 navigatio,
1133 2330 1231 2390 neque
1262 2315 1327 2390 agri

211 2395 324 2456 cultura
359 2413 456 2472 neque
489 2393 608 2472 frugum
642 2395 855 2474 fructuumque
891 2394 1074 2475 reliquorum
1107 2398 1261 2474 perceptio
1298 2406 1327 2457 et

160 2509 192 2558 15
211 2482 397 2540 conservatio
420 2482 485 2540 sine
508 2480 664 2539 hominum
693 2497 782 2558 opera
805 2478 863 2547 uila
887 2496 951 2539 esse
974 2481 1128 2559 potuisset.
1172 2481 1234 2541 lam
1256 2499 1329 2542 vero

208 2711 339 2779 begriffe)
363 2729 396 2764 au
423 2711 627 2764 unterscheiden
646 2712 683 2764 ist
701 2712 797 2764 Cicero
814 2712 912 2779 gewiss
938 2713 982 2764 nie
1004 2713 1169 2780 eingeiaileu
1189 2715 1256 2797 (vql.
1276 2714 1333 2779 IH,.

212 2785 235 2841 7,
254 2781 300 2846 6),
318 2779 375 2832 und
394 2779 482 2832 zumal
501 2797 536 2832 an
555 2779 642 2832 dieser
659 2779 743 2833 Stelle
765 2796 815 2847 gar
837 2780 917 2832 keine
937 2781 1141 2850 Veraniassung
1161 2781 1327 2835 desudatum

210 2847 448 2901 herbeizuziehen.
486 2847 632 2900 Vielleieht
650 2866 708 2900 war
725 2847 769 2899 die
788 2848 985 2916 urspringliche
1003 2848 1118 2902 Lessrt=
1141 2851 1208 2902 haec
1225 2867 1326 2918 genera

210 2933 240 2968 re
260 2918 385 2979 confuse,
402 2915 456 2982 vgl.
474 2915 496 2980 1,
516 2921 558 2978 27,
576 2920 601 2969 8.

277 2988 303 3040 5.
321 2987 400 3047 idem,
421 2984 519 3036 vorher
537 2983 565 3034 id
583 2982 677 3047 etiam,
697 2983 751 3049 egl,
770 2983 792 3043 Ι,
811 2989 835 3044 6,
853 2988 877 3038 4.
890 3012 923 3021 -
943 2984 1024 3048 Quod
1036 2986 1084 3050 qui
1103 3001 1160 3036 wer
1172 2985 1252 3037 aber
1270 2984 1330 3036 und<

210 3053 334 3117 Quorum
357 3069 436 3103 error
459 3051 548 3103 dieser
569 3050 690 3102 Irrthum
714 3050 798 3103 also:
822 3050 889 3102 iiber
911 3049 983 3102 disse
1007 3050 1325 3119 Relativverbindungen

128 3164 131 3170 .
208 3119 263 3186 vgi.
285 3122 363 3172 Anm.
391 3135 424 3170 zu
443 3118 468 3183 Ι,
485 3123 526 3182 45,
545 3123 570 3171 9.
588 3147 622 3156 -
639 3127 672 3170 ut
698 3119 749 3170 ani
767 3134 824 3170 eam
851 3140 886 3165 =
912 3117 993 3171 talem
1016 3135 1050 3170 au
1071 3119 1213 3184 beziehen‚
1244 3128 1322 3173 sensi

209 3188 309 3240 mdeste
326 3205 355 3240 es
373 3187 440 3239 Acc.
459 3204 482 3236 c.
500 3186 554 3238 Inf.
572 3185 639 3237 sein.

276 3261 300 3308 8.
318 3257 462 3317 tuendam,
479 3271 500 3304 s.
519 3253 542 3314 Ι,
559 3258 586 3311 4,
606 3258 629 3309 1,
647 3282 681 3291 -
709 3271 774 3304 suos
797 3254 917 3321 impetus
940 3253 1001 3306 ihre
1026 3255 1124 3321 eignen
1147 3254 1262 3319 Triebe,
1285 3255 1326 3307 als

209 3323 309 3374 Wesen
328 3321 379 3372 mit
395 3321 504 3386 cignem
523 3319 633 3372 Wilien.
653 3349 685 3359 —-
702 3322 830 3388 placatos
847 3344 881 3364 =
899 3321 1034 3389 propitios
1052 3320 1172 3389 geneigt.
1188 3351 1222 3361 -
1232 3324 1326 3390 pictae

209 3389 238 3440 in
257 3389 305 3442 der
323 3389 488 3454 Verehrnng
510 3388 560 3440 der
578 3389 694 3453 Gestar,
712 3389 850 3469 saqctitas
872 3387 901 3468 in
925 3388 973 3440 der
989 3380 1121 3470 Reinheit
1143 3388 1190 3440 des
1206 3390 1324 3471 Lebens.

208 3459 727 3590 {addititii‘diffiditis
740 3456 814 3574 {¹3²3ss
827 3455 1229 3590 2¹2⁰33¹3n¹ssss¹¹d¹22⁵ss¹a¹2ss⁰t¹dt
1243 3465 1325 3579 {20¹3}

209 3609 262 3645 von
274 3594 359 3663 sequi)
372 3592 448 3660 giebt
460 3609 515 3643 nun
525 3591 572 3649 ,die
584 3591 749 3657 Rangfoige‚
761 3589 851 3642 iudem
865 3608 893 3642 es
905 3590 961 3650 das,
976 3609 1032 3643 was
1044 3591 1205 3645 dahinter
1222 3593 1326 3660 forge,

208 3661 388 3722 bezeichnet;
408 3659 479 3712 also:
498 3658 719 3712 uumittelbar
737 3658 833 3727 nach,
851 3659 906 3726 vgl.
925 3658 994 3711 Hor.
1016 3658 1068 3711 od.
1087 3659 1109 3722 1,
1126 3665 1157 3712 12
1175 3661 1233 3713 Nec
1249 3662 1325 3728 viget

207 3729 353 3846 quicquam
375 3727 462 3781 simile
480 3735 528 3846 qut
544 3727 706 3808 secundum:
724 3726 862 3780 Proximos
886 3725 926 3778 ini
947 3734 1038 3779 tamen
1068 3729 1214 3797 occupavit
1233 3729 1330 3783 Pelles

229 3812 334 3848 onores.
352 3825 385 3834 -
403 3814 465 3848 exce
498 3811 703 3852 as=om1ss1s.

277 3869 316 3916 13.
338 3865 429 3929 operis
445 3815 713 3931 Ddenstleistuugenz
733 3861 812 3915 meist
828 3879 882 3914 von
901 3861 1050 3914 Menschen
1069 3869 1181 3930 gesagt3
1200 3863 1322 3930 dugegen

209 3948 294 3999 opera
307 3930 450 3995 Arbeiteu,
470 3932 537 3983 oben
556 3935 580 3993 §.
594 3937 610 3984 9
628 3948 681 3984 von
694 3931 822 3986 Thieren.
836 3931 900 3983 uber
912 3948 935 3981 c.
947 3935 971 3993 4,
984 3936 1000 3983 2
1013 3932 1083 3983 auch
1096 3949 1150 3982 von
1163 3931 1323 3988 Menschen.

207 4017 330 4065 —qnae
352 4017 402 4050 nec
424 3998 493 4064 (und
517 3997 590 4050 diese
614 3998 714 4066 Dioge)
737 4017 787 4051 nec
809 4001 863 4063 iris,
886 3998 940 4065 vgi.
965 4015 988 4051 c.
1007 4004 1066 4063 5,8
1090 4014 1203 4066 quorum
1222 4016 1326 4068 -per

209 4066 315 4118 eosdem
338 4083 378 4120 ue.
397 4095 429 4104 -
447 4084 548 4118 manus
565 4065 748 4129 nontamen,
766 4067 820 4133 vgi.
840 4084 860 4119 c.
880 4071 905 4130 4,
925 4071 941 4118 2
958 4072 1055 4134 portus
1074 4082 1155 4117 manu
1174 4066 1271 4119 suctos.
1290 4096 1327 4106 -

207 4138 304 4202 fruges
352 4132 521 4196 eidfrrichte3
544 4136 656 4197 fructus
670 4134 807 4202 jegiicher
823 4135 929 4200 Ertrag
947 4151 1000 4186 von
1020 4133 1151 4198 Bdumem
1169 4133 1243 4185 Vieh'
1257 4134 1332 4203 (egi

208 4220 231 4251 c.
250 4208 274 4266 4,
293 4202 331 4269 4),
349 4201 427 4266 nera,
446 4200 502 4253 also
522 4200 633 4253 Zinsen.
1051 4226 1053 4231 ·

277 4274 318 4323 15.
336 4271 398 4322 dam
415 4286 479 4321 vero
496 4268 559 4320 Nun
581 4268 645 4321 aber
663 4286 737 4336 μη
756 4269 812 4336 vgi.
830 4286 853 4321 c.
871 4273 896 4336 4,
916 4274 931 4322 7
949 4267 1037 4321 Urbes
1060 4286 1123 4322 vero
1142 4273 1168 4333 6,
1185 4274 1208 4324 5.
1227 4269 1280 4337 ΙΙΙ,
1299 4276 1323 4334 Ι,
